Date,2018-12-31,2017-12-31,2016-12-31,2015-12-31,2014-12-31,2013-12-31,2012-12-31,2011-12-31,2010-12-31,2009-12-31
Revenue,27662000000.0,25196000000.0,24929000000.0,35481000000.0,39830000000.0,41848000000.0,39336000000.0,37990000000.0,31589000000.0,31795000000.0
Revenue Growth,0.0978726782028893,0.0107104175859441,-0.297398607705533,-0.109189053477278,-0.0482221372586504,0.0638600772828961,0.035430376414846,0.202633828231346,-0.00647900613303979,-0.0893
Cost of Revenue,19118000000.0,17350000000.0,17396000000.0,25347000000.0,28615000000.0,29856000000.0,27958000000.0,26556000000.0,22060000000.0,22470000000.0
Gross Profit,8544000000.0,7846000000.0,7533000000.0,10134000000.0,11215000000.0,11992000000.0,11378000000.0,11434000000.0,9529000000.0,9325000000.0
R&D Expenses,1147000000.0,1013000000.0,967000000.0,1406000000.0,1499000000.0,1470000000.0,1464000000.0,1371000000.0,1082000000.0,1037000000.0
SG&A Expense,5295000000.0,4765000000.0,4532000000.0,5574000000.0,6067000000.0,6094000000.0,5756000000.0,5373000000.0,4615000000.0,4491000000.0
Operating Expenses,6442000000.0,5778000000.0,5499000000.0,6980000000.0,7566000000.0,7564000000.0,7220000000.0,6744000000.0,5697000000.0,5528000000.0
Operating Income,2102000000.0,2068000000.0,2034000000.0,3154000000.0,3649000000.0,4428000000.0,4158000000.0,4690000000.0,3832000000.0,3797000000.0
Interest Expense,262000000.0,234000000.0,201000000.0,286000000.0,362000000.0,390000000.0,293000000.0,207000000.0,173000000.0,127000000.0
Earnings before Tax,2717000000.0,2796000000.0,2425000000.0,2721000000.0,3796000000.0,3909000000.0,3734000000.0,4412000000.0,3579000000.0,3902000000.0
Income Tax Expense,544000000.0,583000000.0,526000000.0,788000000.0,1202000000.0,1122000000.0,1030000000.0,1244000000.0,1018000000.0,1001000000.0
Net Income - Non-Controlling int,125000000.0,152000000.0,135000000.0,122000000.0,124000000.0,120000000.0,108000000.0,147000000.0,171000000.0,235000000.0
Net Income - Discontinued ops,0.0,0.0,0.0,-3000000.0,-24000000.0,37000000.0,-4000000.0,-9000000.0,-10000000.0,-17000000.0
Net Income,2173000000.0,2213000000.0,1899000000.0,1933000000.0,2594000000.0,2787000000.0,2704000000.0,3168000000.0,2561000000.0,2901000000.0
Preferred Dividends,0.0,0.0,0.0,0.0,0.0,0.0,0.0,0.0,0.0,0.0
Net Income Com,2173000000.0,2213000000.0,1899000000.0,1933000000.0,2594000000.0,2787000000.0,2704000000.0,3168000000.0,2561000000.0,2901000000.0
EPS,1.02,1.04,0.88,0.87,1.13,1.21,1.18,1.38,1.12,1.27
EPS Diluted,1.02,1.03,0.88,0.87,1.13,1.21,1.18,1.38,1.12,1.27
Weighted Average Shs Out,2138606489.0,2138706835.0,2191625141.0,2314743264.0,2314743264.0,2314743264.0,2314743264.0,2283464611.0,2329324797.0,2322792835.0
Weighted Average Shs Out (Dil),2132000000.0,2138000000.0,2151000000.0,2226000000.0,2288000000.0,2297000000.0,2293000000.0,2288000000.0,2287000000.0,2284000000.0
Dividend per Share,0.826,0.727,0.762,0.754,0.783,0.738,0.708,0.64,0.48,0.441
Gross Margin,0.3089,0.3114,0.3022,0.2856,0.2816,0.2866,0.2893,0.301,0.3017,0.2933
EBITDA Margin,0.141,0.153,0.14,0.117,0.137,0.134,0.132,0.148,0.141,0.147
EBIT Margin,0.1077,0.1203,0.1053,0.0847,0.1044,0.1027,0.1024,0.1216,0.1188,0.1267
Profit Margin,0.079,0.088,0.076,0.054,0.065,0.067,0.069,0.083,0.081,0.091
Free Cash Flow margin,0.0804,0.1234,0.1312,0.0848,0.0716,0.0628,0.0642,0.0697,0.1063,0.0974
EBITDA,3895000000.0,3866000000.0,3496000000.0,4167000000.0,5463000000.0,5617000000.0,5209000000.0,5614000000.0,4454000000.0,4684000000.0
EBIT,2979000000.0,3030000000.0,2626000000.0,3007000000.0,4158000000.0,4299000000.0,4027000000.0,4619000000.0,3752000000.0,4029000000.0
Consolidated Income,2298000000.0,2365000000.0,2034000000.0,2055000000.0,2718000000.0,2907000000.0,2812000000.0,3315000000.0,2732000000.0,3136000000.0
Earnings Before Tax Margin,0.0982,0.111,0.0973,0.0767,0.0953,0.0934,0.0949,0.1161,0.1133,0.1227
Net Profit Margin,0.0786,0.0878,0.0762,0.0545,0.0651,0.0666,0.0687,0.0834,0.0811,0.0912
