Date,2018-12-31,2017-12-31,2016-12-31,2015-12-31,2014-12-31,2013-12-31,2012-12-31,2011-12-31,2010-12-31,2009-12-31
Revenue,0.0,0.0,0.0,0.0,0.0,0.0,0.0,0.0,0.0,0.0
Revenue Growth,0.0,0.0,0.0,0.0,0.0,0.0,0.0,0.0,0.0,0.0
Cost of Revenue,0.0,0.0,0.0,0.0,0.0,0.0,0.0,0.0,0.0,0.0
Gross Profit,0.0,0.0,0.0,0.0,0.0,0.0,0.0,0.0,0.0,0.0
R&D Expenses,4239000.0,14076000.0,12348000.0,7063000.0,5625000.0,2928000.0,1092000.0,2315000.0,3106000.0,10010000.0
SG&A Expense,3879000.0,4636000.0,4265000.0,4392000.0,4068000.0,4012000.0,3227000.0,5046000.0,6069000.0,12840000.0
Operating Expenses,8118000.0,18712000.0,16613000.0,11455000.0,9693000.0,6940000.0,4319000.0,7361000.0,9175000.0,36733000.0
Operating Income,-8118000.0,-18712000.0,-16613000.0,-11455000.0,-9693000.0,-6940000.0,-4319000.0,-7361000.0,-9175000.0,-36733000.0
Interest Expense,8000.0,6000.0,0.0,4000.0,3000.0,0.0,0.0,0.0,8000.0,185000.0
Earnings before Tax,-7964000.0,-18551000.0,0.0,0.0,0.0,-6939000.0,-4320000.0,-5364000.0,-8420000.0,-11419000.0
Income Tax Expense,-31000.0,-61000.0,0.0,0.0,0.0,0.0,0.0,0.0,0.0,-2281000.0
Net Income - Non-Controlling int,0.0,0.0,0.0,0.0,0.0,0.0,0.0,0.0,0.0,0.0
Net Income - Discontinued ops,0.0,0.0,0.0,0.0,0.0,0.0,0.0,0.0,0.0,0.0
Net Income,-7933000.0,-18490000.0,-16444000.0,-11445000.0,-9689000.0,-6939000.0,-4320000.0,-5364000.0,-8420000.0,-9138000.0
Preferred Dividends,0.0,0.0,0.0,0.0,0.0,2026000.0,0.0,0.0,0.0,916000.0
Net Income Com,-7933000.0,-18490000.0,-16444000.0,-11445000.0,-9689000.0,-6939000.0,-4320000.0,-5364000.0,-8420000.0,-10054000.0
EPS,-0.57,-1.77,-1.81,-1.82,-0.47,-1.04,-1.94,-0.53,-748.441,-1073.522
EPS Diluted,-0.57,-1.77,-1.81,-1.82,-0.47,-1.04,-1.94,-0.53,-748.441,-1073.522
Weighted Average Shs Out,13849055.0,10431391.0,9067438.0,6289305.0,20501224.0,8631668.0,2223516.0,10038243.0,11686.0,10069.0
Weighted Average Shs Out (Dil),13849055.0,10431391.0,9067438.0,6289305.0,20501224.0,8629479.0,2223516.0,10038243.0,11252.0,9381.0
Dividend per Share,0.0,0.0,0.0,0.0,0.0,0.0,0.0,0.0,0.0,0.0
Gross Margin,0.0,0.0,0.0,0.0,0.0,0.0,0.0,0.0,0.0,0.0
EBITDA Margin,0.0,0.0,0.0,0.0,0.0,0.0,0.0,0.0,,
EBIT Margin,0.0,0.0,0.0,0.0,0.0,0.0,0.0,0.0,0.0,0.0
Profit Margin,0.0,0.0,0.0,0.0,0.0,0.0,0.0,0.0,,
Free Cash Flow margin,0.0,0.0,0.0,0.0,0.0,0.0,0.0,0.0,0.0,0.0
EBITDA,-8098000.0,-18475000.0,-16454000.0,-11247000.0,-9614000.0,-6914000.0,-4276000.0,-6759000.0,-8074000.0,-10777000.0
EBIT,-8118000.0,-18712000.0,-16613000.0,-11455000.0,-9693000.0,-6940000.0,-4319000.0,-7361000.0,-8412000.0,-11234000.0
Consolidated Income,-7933000.0,-18490000.0,-16444000.0,-11445000.0,-9689000.0,-6939000.0,-4320000.0,-5364000.0,-8420000.0,-9138000.0
Earnings Before Tax Margin,0.0,0.0,0.0,0.0,0.0,0.0,0.0,0.0,0.0,0.0
Net Profit Margin,0.0,0.0,0.0,0.0,0.0,0.0,0.0,0.0,0.0,0.0
