Date,2018-12-31,2017-12-31,2016-12-31,2015-12-31,2014-12-31,2013-12-31,2012-12-31,2011-12-31,2010-12-31,2009-12-31
Revenue,223807000.0,124901000.0,17331000.0,61000.0,120000.0,1145000.0,4907000.0,2067000.0,42135000.0,6399000.0
Revenue Growth,0.791875165130784,6.20679706883619,283.114754098361,-0.491666666666667,-0.895196506550218,-0.766659873649888,1.37397194000968,-0.950943396226415,5.58462259728083,3.0245
Cost of Revenue,5189000.0,8934000.0,1643000.0,0.0,0.0,0.0,0.0,0.0,0.0,0.0
Gross Profit,218618000.0,115967000.0,15688000.0,0.0,0.0,0.0,0.0,0.0,42135000.0,6399000.0
R&D Expenses,187163000.0,149189000.0,99284000.0,73869000.0,60602000.0,26722000.0,18794000.0,17309000.0,20579000.0,41585000.0
SG&A Expense,265758000.0,255062000.0,186456000.0,88304000.0,32748000.0,12720000.0,6999000.0,7610000.0,6462000.0,10282000.0
Operating Expenses,466062000.0,408377000.0,288503000.0,164673000.0,93350000.0,39442000.0,25793000.0,24919000.0,27041000.0,51867000.0
Operating Income,-247444000.0,-292410000.0,-272815000.0,-164612000.0,-93230000.0,-38297000.0,-20886000.0,-22852000.0,15094000.0,-45468000.0
Interest Expense,0.0,0.0,0.0,0.0,0.0,0.0,0.0,0.0,0.0,0.0
Earnings before Tax,-243936000.0,-288284000.0,-270052000.0,-164113000.0,0.0,0.0,0.0,0.0,15139000.0,-45145000.0
Income Tax Expense,1256000.0,1119000.0,1341000.0,330000.0,0.0,0.0,0.0,0.0,0.0,0.0
Net Income - Non-Controlling int,0.0,0.0,0.0,0.0,0.0,0.0,0.0,0.0,0.0,0.0
Net Income - Discontinued ops,0.0,0.0,0.0,0.0,0.0,0.0,0.0,0.0,0.0,0.0
Net Income,-245192000.0,-289403000.0,-271393000.0,-164443000.0,-92475000.0,-37948000.0,-20849000.0,-22765000.0,15139000.0,-45145000.0
Preferred Dividends,0.0,0.0,0.0,0.0,0.0,0.0,0.0,0.0,0.0,0.0
Net Income Com,-245192000.0,-289403000.0,-271393000.0,-164443000.0,-92475000.0,-37948000.0,-20849000.0,-22765000.0,15139000.0,-45145000.0
EPS,-1.94,-2.36,-2.34,-1.63,-0.95,-0.44,-0.38,-0.44,0.39,-1.2
EPS Diluted,-1.94,-2.36,-2.34,-1.63,-0.95,-0.44,-0.38,-0.44,0.39,-1.2
Weighted Average Shs Out,126583000.0,122600000.0,115858000.0,100630000.0,97248000.0,85715000.0,55116000.0,52183000.0,39299302.0,38266843.0
Weighted Average Shs Out (Dil),126583000.0,122600000.0,115858000.0,100630000.0,97248000.0,85715000.0,55116000.0,52183000.0,38593000.0,37476000.0
Dividend per Share,0.0,0.0,0.0,0.0,0.0,0.0,0.0,0.0,0.0,0.0
Gross Margin,0.976814844933,0.928471349309,0.905198776758,0.0,0.0,0.0,0.0,0.0,1.0,1.0
EBITDA Margin,-1.08960398915,-2.31708312984,-15.6411055334,-2654.18032787,-779.233333333,-34.7126637555,-4.23415528836,-10.9685534591,0.374,-6.881
EBIT Margin,-1.10561331862,-2.34113417827,-15.7414459639,-2698.55737705,-776.916666667,-33.4471615721,-4.25636845323,-11.0556361877,0.3593,-7.055
Profit Margin,-1.09555107749,-2.31705911082,-15.6593964572,-2695.78688525,-770.625,-33.1423580786,-4.24882820461,-11.0135462022,0.359,-7.055
Free Cash Flow margin,-0.757876205838,-1.75073858496,-12.2274536957,-2031.73770492,-555.116666667,-28.2855895197,-4.40859995924,-9.62602805999,-0.251,-2.1516
EBITDA,-243861000.0,-289406000.0,-271076000.0,-161905000.0,-93508000.0,-39746000.0,-20777000.0,-22672000.0,15746000.0,-44034000.0
EBIT,-247444000.0,-292410000.0,-272815000.0,-164612000.0,-93230000.0,-38297000.0,-20886000.0,-22852000.0,15139000.0,-45145000.0
Consolidated Income,-245192000.0,-289403000.0,-271393000.0,-164443000.0,-92475000.0,-37948000.0,-20849000.0,-22765000.0,15139000.0,-45145000.0
Earnings Before Tax Margin,-1.08993909931,-2.30810001521,-15.5820206566,-2690.37704918,0.0,0.0,0.0,0.0,0.3593,-7.055
Net Profit Margin,-1.09555107749,-2.31705911082,-15.6593964572,-2695.78688525,-770.625,-33.1423580786,-4.24882820461,-11.0135462022,0.3593,-7.055
