Date,2018-12-31,2017-12-31,2016-12-31,2015-12-31,2014-12-31,2013-12-31,2012-12-31,2011-12-31,2010-12-31,2009-12-31
Revenue,1941200000.0,1948800000.0,1557100000.0,1510400000.0,1689200000.0,1765100000.0,1758500000.0,1318400000.0,1284600000.0,1233300000.0
Revenue Growth,-0.00389983579638752,0.251557382313275,0.0309189618644068,-0.105848922566896,-0.0430003965780976,0.00375319874893375,0.333813713592233,0.0263116923555971,0.0415957188032109,-0.2185
Cost of Revenue,1313400000.0,1292400000.0,1042000000.0,1032000000.0,1159300000.0,1220300000.0,1225100000.0,903700000.0,902000000.0,868700000.0
Gross Profit,627800000.0,656400000.0,515100000.0,478400000.0,529900000.0,544800000.0,533400000.0,414700000.0,382600000.0,364600000.0
R&D Expenses,23800000.0,23500000.0,21000000.0,20000000.0,20200000.0,22500000.0,20800000.0,0.0,0.0,0.0
SG&A Expense,392400000.0,406100000.0,320800000.0,295700000.0,328600000.0,344200000.0,349900000.0,293900000.0,266700000.0,263000000.0
Operating Expenses,440800000.0,463400000.0,347800000.0,315700000.0,356300000.0,399000000.0,394100000.0,299500000.0,272900000.0,289200000.0
Operating Income,187000000.0,193000000.0,167300000.0,163500000.0,173600000.0,145800000.0,139300000.0,115200000.0,109700000.0,75400000.0
Interest Expense,41200000.0,41100000.0,49300000.0,44500000.0,49500000.0,54700000.0,89300000.0,77200000.0,78300000.0,67000000.0
Earnings before Tax,157900000.0,158100000.0,125100000.0,131400000.0,137000000.0,91700000.0,-4400000.0,42900000.0,43100000.0,-100000.0
Income Tax Expense,51200000.0,26400000.0,29600000.0,45500000.0,45400000.0,14400000.0,-121400000.0,24300000.0,30700000.0,126000000.0
Net Income - Non-Controlling int,0.0,0.0,0.0,0.0,0.0,0.0,0.0,0.0,0.0,0.0
Net Income - Discontinued ops,0.0,0.0,0.0,0.0,0.0,0.0,0.0,0.0,-4600000.0,7500000.0
Net Income,106700000.0,131700000.0,95500000.0,85900000.0,91600000.0,77100000.0,115400000.0,56700000.0,12400000.0,-126100000.0
Preferred Dividends,0.0,0.0,0.0,0.0,0.0,0.0,0.0,0.0,0.0,0.0
Net Income Com,106700000.0,131700000.0,95500000.0,85900000.0,91600000.0,77100000.0,115400000.0,56700000.0,12400000.0,-126100000.0
EPS,1.02,1.22,0.89,0.79,0.81,0.68,1.23,1.03,0.23,-2.32
EPS Diluted,1.0,1.19,0.87,0.78,0.79,0.67,1.2,0.98,0.22,-2.32
Weighted Average Shs Out,104800000.0,108100000.0,107000000.0,108800000.0,113700000.0,113500000.0,94100000.0,55200000.0,54900438.0,54570248.0
Weighted Average Shs Out (Dil),107000000.0,110900000.0,109200000.0,110600000.0,116300000.0,115700000.0,96100000.0,57600000.0,54800000.0,54500000.0
Dividend per Share,0.234579439252,0.0,0.0,0.0,0.0,0.0,0.0,0.0,0.0,0.0
Gross Margin,0.323408201113,0.336822660099,0.330807269925,0.316737288136,0.313698792328,0.308651067928,0.303326698891,0.314547936893,0.2978,0.2956
EBITDA Margin,0.133886255924,0.137520525452,0.143536060626,0.14499470339,0.139533506986,0.122712594187,0.123343758885,0.118552791262,0.123,0.086
EBIT Margin,0.0963321656707,0.0990353037767,0.107443324128,0.108249470339,0.102770542269,0.08260155232,0.0792152402616,0.0873786407767,0.0945,0.0542
Profit Margin,0.0549660004121,0.0675800492611,0.061331963265,0.0568723516949,0.0542268529481,0.0436802447453,0.0656241114586,0.0430066747573,0.01,-0.102
Free Cash Flow margin,0.0827838450443,0.0892344006568,0.0946631558667,0.0950741525424,0.084122661615,0.0894566880063,-0.0214955928348,0.036635315534,0.0329,0.0496
EBITDA,259900000.0,268000000.0,223500000.0,219000000.0,235700000.0,216600000.0,216900000.0,156300000.0,157900000.0,106200000.0
EBIT,187000000.0,193000000.0,167300000.0,163500000.0,173600000.0,145800000.0,139300000.0,115200000.0,121400000.0,66900000.0
Consolidated Income,106700000.0,131700000.0,95500000.0,85900000.0,91600000.0,77100000.0,115400000.0,56700000.0,12400000.0,-126100000.0
Earnings Before Tax Margin,0.0813414382856,0.0811268472906,0.0803416607797,0.0869968220339,0.0811034809377,0.0519517307801,-0.00250213249929,0.0325394417476,0.0336,-0.0001
Net Profit Margin,0.0549660004121,0.0675800492611,0.061331963265,0.0568723516949,0.0542268529481,0.0436802447453,0.0656241114586,0.0430066747573,0.0097,-0.1022
