Date,2018-12-31,2017-12-31,2016-12-31,2015-12-31,2014-12-31,2013-12-31,2012-12-31,2011-12-31,2010-12-31,2009-12-31
Revenue,3012442000.0,2836316000.0,2810914000.0,1794492000.0,1004601000.0,713408000.0,407461000.0,216498000.0,62103000.0,49397000.0
Revenue Growth,0.0620967480351273,0.00903691824082843,0.566412109945322,0.78627335628772,0.408171761460483,0.750862045692717,0.882054337684413,2.48611178203952,0.257222098508007,
Cost of Revenue,0.0,0.0,0.0,0.0,0.0,0.0,0.0,0.0,0.0,0.0
Gross Profit,3012442000.0,2836316000.0,2810914000.0,1794492000.0,1004601000.0,713408000.0,407461000.0,216498000.0,62103000.0,49397000.0
R&D Expenses,0.0,0.0,0.0,0.0,0.0,0.0,0.0,0.0,0.0,0.0
SG&A Expense,1659348000.0,1536160000.0,1541854000.0,973732000.0,575412000.0,407962000.0,239639000.0,152609000.0,38661000.0,32572000.0
Operating Expenses,2994171000.0,2422701000.0,2414095000.0,1510253000.0,845488000.0,597563000.0,344863000.0,245773000.0,54207000.0,45812000.0
Operating Income,18271000.0,413615000.0,396819000.0,284239000.0,159113000.0,115845000.0,62598000.0,-29275000.0,7896000.0,3585000.0
Interest Expense,185410000.0,176007000.0,181325000.0,106742000.0,48221000.0,37250000.0,29769000.0,9191000.0,738000.0,774000.0
Earnings before Tax,-169218000.0,237044000.0,34922000.0,165942000.0,125962000.0,68554000.0,32728000.0,-40164000.0,6687000.0,2930000.0
Income Tax Expense,6532000.0,37209000.0,28779000.0,53388000.0,42922000.0,25975000.0,12325000.0,-5272000.0,477000.0,53000.0
Net Income - Non-Controlling int,264000.0,-246000.0,-1967000.0,-1078000.0,0.0,0.0,0.0,0.0,0.0,0.0
Net Income - Discontinued ops,0.0,0.0,0.0,-111000.0,192000.0,691000.0,101000.0,1698000.0,471000.0,-119000.0
Net Income,-175750000.0,199835000.0,6143000.0,112554000.0,83040000.0,42579000.0,20403000.0,-34892000.0,6210000.0,2877000.0
Preferred Dividends,0.0,0.0,0.0,0.0,0.0,0.0,0.0,0.0,0.0,0.0
Net Income Com,-175750000.0,199835000.0,6143000.0,112554000.0,83040000.0,42579000.0,20403000.0,-34892000.0,6210000.0,2877000.0
EPS,-2.01,2.3,0.07,1.65,1.51,0.85,0.53,-1.86,0.35,0.16
EPS Diluted,-2.01,2.3,0.07,1.64,1.5,0.85,0.53,-1.86,0.35,0.16
Weighted Average Shs Out,88256115.0,87853599.0,87500681.0,71688455.0,59918574.0,50522054.0,41816306.0,22524783.0,,
Weighted Average Shs Out (Dil),87288000.0,86948000.0,85701000.0,68085000.0,55063000.0,50004000.0,38477000.0,18757000.0,17633000.0,17633000.0
Dividend per Share,0.0,0.0,0.0,0.0,0.0,0.0,0.0,0.0,0.0,0.0
Gross Margin,1.0,1.0,1.0,1.0,1.0,1.0,1.0,1.0,1.0,1.0
EBITDA Margin,0.058,0.196,0.125,0.187,0.206,0.172,0.173,-0.123,0.135,0.095
EBIT Margin,0.0054,0.1456,0.0769,0.152,0.1734,0.1483,0.1534,-0.1431,0.1196,0.075
Profit Margin,-0.058,0.07,0.002,0.063,0.083,0.06,0.05,-0.161,0.1,0.058
Free Cash Flow margin,0.0241,0.0442,0.0192,-0.0199,0.002,-0.0047,0.0155,-0.1396,0.1079,0.1181
EBITDA,175024000.0,556061000.0,351350000.0,336234000.0,206850000.0,122894000.0,70479000.0,-26695000.0,8401000.0,4701000.0
EBIT,16192000.0,413051000.0,216247000.0,272684000.0,174183000.0,105804000.0,62497000.0,-30973000.0,7425000.0,3704000.0
Consolidated Income,-175486000.0,199589000.0,4176000.0,111476000.0,83040000.0,42579000.0,20403000.0,-34892000.0,6210000.0,2877000.0
Earnings Before Tax Margin,-0.0562,0.0836,0.0124,0.0925,0.1254,0.0961,0.0803,-0.1855,0.1077,0.0593
Net Profit Margin,-0.0583,0.0705,0.0022,0.0627,0.0827,0.0597,0.0501,-0.1612,0.1,0.0582
