Date,2018-12-31,2017-12-31,2016-12-31,2015-12-31,2014-12-31,2013-12-31,2012-12-31,2011-12-31,2010-12-31,2009-12-31
Revenue,0.0,0.0,0.0,18160000.0,27116000.0,29882000.0,20095000.0,0.0,13616000.0,25539000.0
Revenue Growth,0.0,0.0,-1,-0.330284702758519,-0.0925640854025835,0.487036576262752,0.0,-1,-0.46685461451114,0.0
Cost of Revenue,0.0,0.0,1158000.0,0.0,-267000.0,0.0,0.0,0.0,0.0,0.0
Gross Profit,0.0,0.0,-1158000.0,0.0,27383000.0,29882000.0,0.0,0.0,13616000.0,25539000.0
R&D Expenses,5868000.0,3101000.0,14788000.0,25108000.0,46224000.0,55317000.0,39948000.0,0.0,18483000.0,20209000.0
SG&A Expense,6945000.0,3531000.0,8933000.0,11805000.0,10625000.0,9892000.0,0.0,0.0,5840000.0,3961000.0
Operating Expenses,12813000.0,6632000.0,25096000.0,36913000.0,56849000.0,65209000.0,39948000.0,0.0,28361000.0,28121000.0
Operating Income,-12687000.0,-13634000.0,-20129000.0,-16801000.0,-26240000.0,-31849000.0,0.0,0.0,-14745000.0,-2582000.0
Interest Expense,0.0,0.0,0.0,0.0,0.0,0.0,0.0,0.0,0.0,0.0
Earnings before Tax,-12687000.0,-13634000.0,0.0,0.0,0.0,0.0,0.0,0.0,-15584000.0,-2465000.0
Income Tax Expense,0.0,-3051000.0,0.0,0.0,0.0,0.0,0.0,0.0,-3000000.0,3011000.0
Net Income - Non-Controlling int,0.0,0.0,0.0,0.0,0.0,0.0,0.0,0.0,0.0,0.0
Net Income - Discontinued ops,0.0,0.0,0.0,0.0,0.0,0.0,0.0,0.0,0.0,0.0
Net Income,-12687000.0,-10583000.0,-20129000.0,-16801000.0,-26240000.0,-31849000.0,-21097000.0,0.0,-12584000.0,-5476000.0
Preferred Dividends,0.0,0.0,0.0,0.0,0.0,0.0,0.0,0.0,0.0,0.0
Net Income Com,-12687000.0,-10583000.0,-20129000.0,-16801000.0,-26240000.0,-31849000.0,-21097000.0,0.0,-12584000.0,-5476000.0
EPS,-3.61,-2.21,-0.67,-0.64,-1.45,-2.17,-1.56,0.0,-196.9,-104.5
EPS Diluted,-3.61,-2.21,-0.67,-0.64,-1.45,-2.17,-1.56,0.0,-196.9,-104.5
Weighted Average Shs Out,3510217.0,4794421.0,29949432.0,26147344.0,18098799.0,14683389.0,13522723.0,0.0,87805.0,54863.0
Weighted Average Shs Out (Dil),3510217.0,4794421.0,29949432.0,26147344.0,18098799.0,14683389.0,13522723.0,0.0,63917.0,52426.0
Dividend per Share,0.0,0.0,0.0,0.0,0.0,0.0,0.0,0.0,0.0,0.0
Gross Margin,0.0,0.0,0.0,0.0,1.00984658504,1.0,0.0,0.0,1.0,1.0
EBITDA Margin,0.0,0.0,0.0,-0.91172907489,-0.959470423366,-1.0582290342,0.0,0.0,,
EBIT Margin,0.0,0.0,0.0,-0.925165198238,-0.967694350199,-1.06582558062,0.0,0.0,-1.1445,-0.0965
Profit Margin,0.0,0.0,0.0,-0.925165198238,-0.967694350199,-1.06582558062,-1.04986315004,0.0,,
Free Cash Flow margin,0.0,0.0,0.0,-0.521585903084,-0.641318778581,-1.21076233184,0.0,0.0,-1.9762,1.3651
EBITDA,-12405000.0,-13352000.0,-19941000.0,-16557000.0,-26017000.0,-31622000.0,0.0,0.0,-15532000.0,-2415000.0
EBIT,-12687000.0,-13634000.0,-20129000.0,-16801000.0,-26240000.0,-31849000.0,0.0,0.0,-15584000.0,-2465000.0
Consolidated Income,-12687000.0,-10583000.0,-20129000.0,-16801000.0,-26240000.0,-31849000.0,-21097000.0,0.0,-12584000.0,-5476000.0
Earnings Before Tax Margin,0.0,0.0,0.0,0.0,0.0,0.0,0.0,0.0,-1.1445,-0.0965
Net Profit Margin,0.0,0.0,0.0,-0.925165198238,-0.967694350199,-1.06582558062,-1.04986315004,0.0,-0.9242,-0.2144
