Date,2018-12-31,2017-12-31,2016-12-31,2015-12-31,2014-12-31,2013-12-31,2012-12-31,2011-12-31,2010-12-31,2009-12-31
Revenue,3350000.0,5264000.0,4901000.0,5010000.0,5111000.0,4815000.0,4806000.0,0.0,40779000.0,39205000.0
Revenue Growth,-0.363601823708207,0.0740665170373393,-0.0217564870259481,-0.0197612991586774,0.0614745586708204,0.00187265917602996,0.0,-1,0.0401479403137355,0.1568
Cost of Revenue,0.0,0.0,0.0,0.0,0.0,0.0,0.0,0.0,0.0,0.0
Gross Profit,0.0,0.0,0.0,0.0,0.0,0.0,0.0,0.0,40779000.0,39205000.0
R&D Expenses,0.0,0.0,0.0,0.0,0.0,0.0,0.0,0.0,0.0,0.0
SG&A Expense,26734000.0,24654000.0,22200000.0,20932000.0,19516000.0,18950000.0,18553000.0,17138000.0,24305000.0,24114000.0
Operating Expenses,27479000.0,25191000.0,22545000.0,21268000.0,20165000.0,19591000.0,19194000.0,17779000.0,30303000.0,30629000.0
Operating Income,21748000.0,9788000.0,10869000.0,11017000.0,10290000.0,9315000.0,8886000.0,8502000.0,10476000.0,8576000.0
Interest Expense,7399000.0,5433000.0,3934000.0,3858000.0,3646000.0,3989000.0,6095000.0,7462000.0,0.0,0.0
Earnings before Tax,26720000.0,16422000.0,14637000.0,14778000.0,13370000.0,11850000.0,11205000.0,10656000.0,10476000.0,8576000.0
Income Tax Expense,4972000.0,6634000.0,3768000.0,3761000.0,3080000.0,2535000.0,2319000.0,2154000.0,2057000.0,1357000.0
Net Income - Non-Controlling int,0.0,0.0,0.0,0.0,0.0,0.0,0.0,0.0,0.0,0.0
Net Income - Discontinued ops,0.0,0.0,0.0,0.0,0.0,0.0,0.0,0.0,0.0,0.0
Net Income,21748000.0,9788000.0,10869000.0,11017000.0,10290000.0,9315000.0,8886000.0,8502000.0,8419000.0,7219000.0
Preferred Dividends,0.0,0.0,0.0,0.0,0.0,0.0,0.0,0.0,0.0,0.0
Net Income Com,21748000.0,9788000.0,10869000.0,11017000.0,10290000.0,9315000.0,8886000.0,8502000.0,8419000.0,7219000.0
EPS,3.09,1.5,1.8,1.83,1.71,1.56,1.49,1.43,1.42,1.22
EPS Diluted,3.09,1.5,1.8,1.83,1.71,1.56,1.49,1.43,1.42,1.22
Weighted Average Shs Out,7035818.0,6543756.0,6051579.0,6026224.0,6002240.0,5976960.0,5953723.0,0.0,5928343.0,5928343.0
Weighted Average Shs Out (Dil),7035818.0,6543756.0,6051579.0,6026224.0,6002240.0,5976960.0,5953723.0,0.0,5928343.0,5928343.0
Dividend per Share,0.889875207119,0.799693631609,0.799791261091,0.799837510189,0.77004584955,0.759918085448,0.759860678772,0.0,0.76,0.76
Gross Margin,0.0,0.0,0.0,0.0,0.0,0.0,0.0,0.0,1.0,1.0
EBITDA Margin,7.2047761194,2.19642857143,2.47194450112,2.41596806387,2.25807082763,2.1466251298,2.08780690803,0.0,0.314,0.277
EBIT Margin,6.49194029851,1.8594224924,2.21771067129,2.19900199601,2.01330463706,1.93457943925,1.84893882647,0.0,0.2569,0.2187
Profit Margin,6.49194029851,1.8594224924,2.21771067129,2.19900199601,2.01330463706,1.93457943925,1.84893882647,0.0,0.206,0.184
Free Cash Flow margin,8.29880597015,2.89703647416,1.9948990002,2.52315369261,1.50009782821,3.27601246106,1.50936329588,0.0,0.1917,0.2158
EBITDA,24136000.0,11562000.0,12115000.0,12104000.0,11541000.0,10336000.0,10034000.0,10038000.0,12818000.0,10857000.0
EBIT,21748000.0,9788000.0,10869000.0,11017000.0,10290000.0,9315000.0,8886000.0,8502000.0,10476000.0,8576000.0
Consolidated Income,21748000.0,9788000.0,10869000.0,11017000.0,10290000.0,9315000.0,8886000.0,8502000.0,8419000.0,7219000.0
Earnings Before Tax Margin,7.97611940299,3.11968085106,2.98653336054,2.9497005988,2.61592643318,2.46105919003,2.33146067416,0.0,0.2569,0.2187
Net Profit Margin,6.49194029851,1.8594224924,2.21771067129,2.19900199601,2.01330463706,1.93457943925,1.84893882647,0.0,0.2065,0.1841
