Date,2018-12-31,2017-12-31,2016-12-31,2015-12-31,2014-12-31,2013-12-31,2012-12-31,2011-12-31,2010-12-31,2009-12-31
Revenue,148195000.0,116555000.0,91527000.0,69965866.0,53558857.0,43517664.0,31407854.0,36320839.0,27422234.0,31970088.0
Revenue Growth,0.271459825833298,0.273449364668349,0.308166470775907,0.306336055677962,0.230738327314628,0.385566298162237,-0.135266286111948,0.324503284451588,-0.142253408873945,-0.0288
Cost of Revenue,62383000.0,43566000.0,31350000.0,22258974.0,18567572.0,11717682.0,9091456.0,14340483.0,2643784.0,3503202.0
Gross Profit,85812000.0,72989000.0,60177000.0,47706892.0,34991285.0,31799982.0,22316398.0,21980356.0,24778450.0,28466886.0
R&D Expenses,0.0,0.0,0.0,0.0,0.0,0.0,0.0,0.0,0.0,0.0
SG&A Expense,12165000.0,9949000.0,8015000.0,6988075.0,6629033.0,5952433.0,5661912.0,5661912.0,5003384.0,4559005.0
Operating Expenses,12810000.0,10602000.0,8668000.0,7594209.0,7100873.0,6380333.0,6383212.0,6383212.0,15973319.0,9897481.0
Operating Income,73002000.0,62387000.0,51509000.0,40112683.0,27890412.0,25419649.0,15933186.0,15597144.0,8805131.0,18569405.0
Interest Expense,24872000.0,18137000.0,15343000.0,12305397.0,8586980.0,6474727.0,3956818.0,4727112.0,3460998.0,4007617.0
Earnings before Tax,0.0,0.0,45797000.0,39762455.0,18775689.0,18944922.0,14336599.0,13230263.0,15066795.0,17043990.0
Income Tax Expense,516000.0,227000.0,7747.0,3317.0,-14000.0,3000.0,429000.0,0.0,0.0,0.0
Net Income - Non-Controlling int,0.0,0.0,0.0,0.0,0.0,0.0,0.0,0.0,561039.0,950046.0
Net Income - Discontinued ops,0.0,0.0,0.0,0.0,0.0,0.0,0.0,0.0,-5545733.0,-3432248.0
Net Income,58172000.0,58112000.0,45118000.0,39017855.0,18487992.0,19674575.0,9551142.0,9551142.0,15066795.0,17043990.0
Preferred Dividends,0.0,0.0,0.0,0.0,0.0,0.0,0.0,0.0,0.0,0.0
Net Income Com,58172000.0,58112000.0,45118000.0,39017855.0,18487992.0,19674575.0,9551142.0,9551142.0,15066795.0,17043990.0
EPS,1.8,2.09,1.97,2.17,1.24,1.51,0.99,0.99,1.65,2.15
EPS Diluted,1.78,2.08,1.97,2.16,1.24,1.5,0.99,0.99,1.64,2.14
Weighted Average Shs Out,32070255.0,27625102.0,22868736.0,18003122.0,14882586.0,13065907.0,9637365.0,0.0,9756764.0,8194074.0
Weighted Average Shs Out (Dil),32401122.0,27700347.0,22959799.0,18065415.0,14966895.0,13157505.0,9681232.0,0.0,9155659.0,8194074.0
Dividend per Share,2.08752030254,1.99080538594,1.83181046141,1.82626056473,1.69725497506,1.58536713457,1.73569903087,0.0,2.04,2.02
Gross Margin,0.579047876109,0.626219381408,0.65747812121,0.681859522756,0.653323968433,0.73073733921,0.710535587691,0.605172033609,0.9036,0.8904
EBITDA Margin,0.794594959344,0.816078246321,0.826379101249,0.818797526211,0.745796330194,0.801964163334,0.735277806628,0.62656746448,0.902,0.846
EBIT Margin,0.492607712811,0.535258032688,0.562773826303,0.573317894757,0.520743226466,0.584122553086,0.507299416254,0.429426864286,0.6756,0.6585
Profit Margin,0.392536860218,0.498580069495,0.492947436276,0.557669864331,0.345190189552,0.452105494449,0.304100432968,0.262965896796,0.549,0.533
Free Cash Flow margin,-3.4755086204,-2.19464630432,-2.55514766135,-2.51375074811,-2.11552210683,-1.06463306486,-0.369864938878,-0.0853326653605,-0.7626,0.4639
EBITDA,117755000.0,95118000.0,75636000.0,57287878.0,39943999.0,34899607.0,23093498.0,22757456.0,24747872.0,27049169.0
EBIT,73002000.0,62387000.0,51509000.0,40112683.0,27890412.0,25419649.0,15933186.0,15597144.0,18527793.0,21051607.0
Consolidated Income,58172000.0,58112000.0,45118000.0,39017855.0,18487992.0,19674575.0,9551142.0,9551142.0,15627834.0,17994036.0
Earnings Before Tax Margin,0.0,0.0,0.500366012215,0.568312196693,0.350561794103,0.435338670752,0.456465411486,0.364260941219,0.5494,0.5331
Net Profit Margin,0.392536860218,0.498580069495,0.492947436276,0.557669864331,0.345190189552,0.452105494449,0.304100432968,0.262965896796,0.5494,0.5331
