Date,2018-12-31,2017-12-31,2016-12-31,2015-12-31,2014-12-31,2013-12-31,2012-12-31,2011-12-31,2010-12-31,2009-12-31
Revenue,518119000.0,425715000.0,400688000.0,336815000.0,312942000.0,265941000.0,244315000.0,273100000.0,230099000.0,259305000.0
Revenue Growth,0.217056011650987,0.0624600686818672,0.189638228701216,0.076285701503793,0.176734689273185,0.0885168737081227,-0.105400952032223,0.186880429728074,-0.11263184281059,0.0973
Cost of Revenue,379843000.0,310119000.0,294593000.0,245492000.0,229207000.0,198202000.0,180264000.0,191305000.0,170376000.0,182693000.0
Gross Profit,138276000.0,115596000.0,106095000.0,91323000.0,83735000.0,67739000.0,64051000.0,81795000.0,59723000.0,76612000.0
R&D Expenses,0.0,0.0,0.0,0.0,0.0,0.0,0.0,0.0,0.0,0.0
SG&A Expense,105025000.0,76902000.0,84213000.0,70452000.0,61834000.0,50118000.0,46362000.0,66926000.0,47042000.0,59924000.0
Operating Expenses,113977000.0,89357000.0,90860000.0,75299000.0,65664000.0,52278000.0,48388000.0,86000000.0,50450000.0,64837000.0
Operating Income,24299000.0,26239000.0,15235000.0,16024000.0,18071000.0,15461000.0,15663000.0,-4205000.0,9273000.0,11775000.0
Interest Expense,5016000.0,4472000.0,2332000.0,786000.0,698000.0,674000.0,1723000.0,2524000.0,3159000.0,6773000.0
Earnings before Tax,21875000.0,22050000.0,15921000.0,15285000.0,17391000.0,14975000.0,14095000.0,-4466000.0,7930000.0,5002000.0
Income Tax Expense,4498000.0,8589000.0,3994000.0,3932000.0,5428000.0,3812000.0,4807000.0,-2485000.0,1902000.0,1400000.0
Net Income - Non-Controlling int,0.0,0.0,0.0,0.0,0.0,0.0,0.0,0.0,0.0,0.0
Net Income - Discontinued ops,0.0,0.0,0.0,0.0,0.0,0.0,0.0,0.0,0.0,0.0
Net Income,17503000.0,13608000.0,12024000.0,11623000.0,12243000.0,19145000.0,7635000.0,-1981000.0,6028000.0,3602000.0
Preferred Dividends,0.0,0.0,0.0,0.0,0.0,0.0,0.0,0.0,0.0,5387000.0
Net Income Com,17503000.0,13608000.0,12024000.0,11623000.0,12243000.0,19145000.0,7635000.0,-1981000.0,6028000.0,-1785000.0
EPS,1.45,1.19,1.06,1.06,1.12,1.77,0.71,-0.18,0.57,-0.66
EPS Diluted,1.41,1.17,1.06,1.04,1.1,1.73,0.71,-0.18,0.57,-0.66
Weighted Average Shs Out,12049000.0,11470000.0,11292000.0,10986000.0,10900000.0,10826000.0,10764000.0,10752000.0,10751085.0,10496251.0
Weighted Average Shs Out (Dil),12383000.0,11623000.0,11349000.0,11189000.0,11114000.0,11075000.0,10784000.0,10752000.0,10604000.0,2707000.0
Dividend per Share,0.0,0.0,0.0,0.0,0.0,0.0,0.0,0.0,0.0,0.0
Gross Margin,0.266880774494,0.271533772594,0.264782074831,0.271136974303,0.267573543979,0.254714391538,0.262165646808,0.299505675577,0.2596,0.2955
EBITDA Margin,0.0647476737969,0.0821535534336,0.056008665096,0.0622329765598,0.0708693623739,0.0674848932658,0.0760534555799,-0.000981325521787,0.066,0.064
EBIT Margin,0.0468984924313,0.0616351314847,0.0380221019846,0.0475750783071,0.0577455247298,0.0581369551893,0.0641098581749,-0.0153972903698,0.0482,0.0454
Profit Margin,0.0337818146024,0.0319650470385,0.0300083855768,0.0345085581105,0.0391222654677,0.0719896518401,0.0312506395432,-0.00725375320395,0.026,-0.007
Free Cash Flow margin,0.0537598505363,0.115464571368,-0.006126961626,0.00562029600819,0.0019716113529,0.0996687235139,0.0584941571332,0.0563749542292,0.0439,-0.037
EBITDA,33547000.0,34974000.0,22442000.0,20961000.0,22178000.0,17947000.0,18581000.0,-268000.0,15135000.0,16688000.0
EBIT,24299000.0,26239000.0,15235000.0,16024000.0,18071000.0,15461000.0,15663000.0,-4205000.0,11089000.0,11775000.0
Consolidated Income,17503000.0,13608000.0,12024000.0,11623000.0,12243000.0,19145000.0,7635000.0,-1981000.0,6028000.0,3602000.0
Earnings Before Tax Margin,0.0422200305335,0.0517952151087,0.0397341572495,0.045380995502,0.0555725981172,0.0563094821784,0.0576919141273,-0.0163529842549,0.0345,0.0193
Net Profit Margin,0.0337818146024,0.0319650470385,0.0300083855768,0.0345085581105,0.0391222654677,0.0719896518401,0.0312506395432,-0.00725375320395,0.0262,0.0139
