Date,2018-12-31,2017-12-31,2016-12-31,2015-12-31,2014-12-31,2013-12-31,2012-12-31,2011-12-31,2010-12-31,2009-12-31
Revenue,9352000000.0,8306500000.0,7410500000.0,7467300000.0,9723700000.0,10786900000.0,9962200000.0,8773200000.0,0.0,6516400000.0
Revenue Growth,0.125865286221634,0.120909520275285,-0.00760649766314464,-0.232051585301891,-0.0985639989246215,0.0827829194354661,0.135526375780787,0.0,-1,-0.2123
Cost of Revenue,7355300000.0,6541200000.0,5895000000.0,5906700000.0,7657400000.0,8396300000.0,7839000000.0,6997100000.0,0.0,5444500000.0
Gross Profit,1996700000.0,1765300000.0,1515500000.0,1560600000.0,2066300000.0,2390600000.0,2123200000.0,1776100000.0,0.0,1071900000.0
R&D Expenses,355200000.0,323100000.0,296100000.0,282200000.0,337000000.0,353400000.0,317100000.0,275600000.0,0.0,191900000.0
SG&A Expense,1069400000.0,970700000.0,867900000.0,852300000.0,995400000.0,1088700000.0,1041200000.0,869300000.0,0.0,630100000.0
Operating Expenses,1489300000.0,1350800000.0,1215200000.0,1177200000.0,1373400000.0,1489900000.0,1407600000.0,1166500000.0,0.0,853200000.0
Operating Income,489000000.0,403300000.0,288400000.0,361100000.0,646500000.0,900700000.0,693200000.0,610300000.0,0.0,218700000.0
Interest Expense,61900000.0,54500000.0,65400000.0,64100000.0,71900000.0,78800000.0,77700000.0,59000000.0,0.0,42100000.0
Earnings before Tax,85700000.0,283800000.0,204900000.0,279400000.0,539000000.0,560700000.0,600800000.0,561000000.0,0.0,193400000.0
Income Tax Expense,110900000.0,133600000.0,92200000.0,72500000.0,187700000.0,258500000.0,137900000.0,24600000.0,0.0,57700000.0
Net Income - Non-Controlling int,0.0,0.0,0.0,0.0,0.0,0.0,0.0,0.0,0.0,-300000.0
Net Income - Discontinued ops,0.0,0.0,0.0,0.0,0.0,0.0,0.0,0.0,0.0,0.0
Net Income,285500000.0,186400000.0,160100000.0,266400000.0,410400000.0,597200000.0,522100000.0,583300000.0,0.0,135700000.0
Preferred Dividends,0.0,0.0,0.0,0.0,0.0,0.0,0.0,0.0,0.0,0.0
Net Income Com,285500000.0,186400000.0,160100000.0,266400000.0,410400000.0,597200000.0,522100000.0,583300000.0,0.0,135700000.0
EPS,3.62,2.34,1.97,3.06,4.39,6.14,5.38,6.1,0.0,1.47
EPS Diluted,3.58,2.32,1.96,3.06,4.36,6.01,5.3,5.95,0.0,1.44
Weighted Average Shs Out,78800000.0,79500000.0,81400000.0,87000000.0,93400000.0,97300000.0,97100000.0,95600000.0,0.0,92451944.0
Weighted Average Shs Out (Dil),79700000.0,80200000.0,81700000.0,87100000.0,94200000.0,99400000.0,98600000.0,98100000.0,0.0,92200000.0
Dividend per Share,0.590966122961,0.554862842893,0.520195838433,0.482204362801,0.433121019108,0.391348088531,0.0,0.0,0.0,0.0
Gross Margin,0.213505132592,0.212520315416,0.204507118278,0.208991201639,0.212501414071,0.221620669516,0.213125614824,0.202446085807,0.0,0.1645
EBITDA Margin,0.0832869974337,0.0823210738578,0.0761082248161,0.0834572067548,0.0956014685768,0.10872447135,0.0938848848648,0.0906054803264,0.0,0.057
EBIT Margin,0.0522882805817,0.0485523385301,0.0389177518386,0.0483575053902,0.0664870368275,0.083499429864,0.0695830238301,0.0695641271144,0.0,0.0361
Profit Margin,0.0305282292558,0.0224402576296,0.0216044801295,0.0356755453778,0.0422061560928,0.0553634501108,0.0524081026279,0.0664865727443,0.0,0.021
Free Cash Flow margin,0.0419803250642,0.0449888641425,0.0227380068821,0.0418893040322,0.0140790028487,0.0375640823592,0.0327136576258,0.0484999772033,0.0,0.022
EBITDA,778900000.0,683800000.0,564000000.0,623200000.0,929600000.0,1172800000.0,935300000.0,794900000.0,0.0,372300000.0
EBIT,489000000.0,403300000.0,288400000.0,361100000.0,646500000.0,900700000.0,693200000.0,610300000.0,0.0,235500000.0
Consolidated Income,285500000.0,186400000.0,160100000.0,266400000.0,410400000.0,597200000.0,522100000.0,583300000.0,0.0,135400000.0
Earnings Before Tax Margin,0.00916381522669,0.0341660145669,0.0276499561433,0.0374164691388,0.0554315744007,0.0519797161372,0.0603079641043,0.0639447408015,0.0,0.0297
Net Profit Margin,0.0305282292558,0.0224402576296,0.0216044801295,0.0356755453778,0.0422061560928,0.0553634501108,0.0524081026279,0.0664865727443,0.0,0.0208
