Date,2018-12-31,2017-12-31,2016-12-31,2015-12-31,2014-12-31,2013-12-31,2012-12-31,2011-12-31,2010-12-31,2009-12-31
Revenue,1002000000.0,1739000000.0,1677000000.0,2207000000.0,1994000000.0,1608000000.0,973000000.0,1819313000.0,1313453000.0,917159000.0
Revenue Growth,-0.423806785508913,0.0369707811568277,-0.240144993203444,0.106820461384152,0.240049751243781,0.65262076053443,-0.465182736560449,0.385137496355028,0.432088656383462,0.658
Cost of Revenue,64000000.0,388000000.0,295000000.0,424000000.0,126000000.0,154000000.0,523000000.0,461890000.0,412161000.0,393800000.0
Gross Profit,938000000.0,1351000000.0,1382000000.0,1783000000.0,1868000000.0,1454000000.0,450000000.0,1357423000.0,901292000.0,523359000.0
R&D Expenses,0.0,0.0,0.0,0.0,0.0,0.0,0.0,0.0,0.0,0.0
SG&A Expense,0.0,0.0,0.0,0.0,0.0,0.0,0.0,0.0,0.0,0.0
Operating Expenses,0.0,0.0,0.0,0.0,0.0,0.0,0.0,0.0,0.0,343644000.0
Operating Income,580000000.0,991000000.0,1017000000.0,1431000000.0,1531000000.0,1142000000.0,132000000.0,1034462000.0,549306000.0,179715000.0
Interest Expense,94000000.0,97000000.0,102000000.0,101000000.0,92000000.0,82000000.0,92000000.0,99112000.0,99621000.0,62783000.0
Earnings before Tax,580000000.0,991000000.0,1017000000.0,1431000000.0,1531000000.0,1142000000.0,132000000.0,1034462000.0,549306000.0,118088000.0
Income Tax Expense,59000000.0,261000000.0,136000000.0,375000000.0,443000000.0,334000000.0,22000000.0,258842000.0,55599000.0,32110000.0
Net Income - Non-Controlling int,0.0,0.0,0.0,0.0,0.0,0.0,0.0,0.0,0.0,-1156000.0
Net Income - Discontinued ops,0.0,0.0,0.0,0.0,0.0,0.0,0.0,0.0,0.0,0.0
Net Income,521000000.0,730000000.0,881000000.0,1056000000.0,1088000000.0,808000000.0,110000000.0,775620000.0,493707000.0,85978000.0
Preferred Dividends,0.0,0.0,0.0,0.0,0.0,0.0,0.0,0.0,0.0,0.0
Net Income Com,521000000.0,730000000.0,881000000.0,1056000000.0,1088000000.0,808000000.0,110000000.0,775620000.0,493707000.0,85978000.0
EPS,4.73,6.05,6.61,7.12,6.3,4.32,0.58,4.23,2.68,0.68
EPS Diluted,4.68,5.96,6.56,7.08,6.26,4.3,0.57,4.18,2.61,0.66
Weighted Average Shs Out,110000000.0,120600000.0,133000000.0,148100000.0,172600000.0,186600000.0,189200000.0,183400000.0,0.0,156604868.0
Weighted Average Shs Out (Dil),111300000.0,122300000.0,134100000.0,149000000.0,173600000.0,187600000.0,190700000.0,185500000.0,0.0,156604868.0
Dividend per Share,0.637915543576,0.572363041701,0.514541387025,0.48322147651,0.437788018433,0.399786780384,0.361824855794,0.178086253369,0.0,0.185
Gross Margin,0.936127744511,0.776883266245,0.824090638044,0.807884005437,0.936810431294,0.904228855721,0.462487153135,0.746118452405,0.686200419809,0.5706
EBITDA Margin,0.609780439122,0.596319723979,0.6267143709,0.659719075668,0.775827482447,0.715174129353,0.131551901336,0.558565788295,0.382935666522,0.197
EBIT Margin,0.578842315369,0.569867740081,0.606440071556,0.648391481649,0.767803410231,0.710199004975,0.135662898253,0.568600345295,0.418215193083,0.1972
Profit Margin,0.51996007984,0.419781483611,0.52534287418,0.478477571364,0.545636910732,0.502487562189,0.113052415211,0.426325761428,0.375884786132,0.094
Free Cash Flow margin,0.461077844311,0.248993674526,-0.0840787119857,-0.0235613955596,0.289368104313,0.151741293532,-0.169578622816,0.371359408744,0.0983582967948,0.3044
EBITDA,611000000.0,1037000000.0,1051000000.0,1456000000.0,1547000000.0,1150000000.0,128000000.0,1016206000.0,502968000.0,180871000.0
EBIT,580000000.0,991000000.0,1017000000.0,1431000000.0,1531000000.0,1142000000.0,132000000.0,1034462000.0,549306000.0,180871000.0
Consolidated Income,521000000.0,730000000.0,881000000.0,1056000000.0,1088000000.0,808000000.0,110000000.0,775620000.0,493707000.0,84822000.0
Earnings Before Tax Margin,0.578842315369,0.569867740081,0.606440071556,0.648391481649,0.767803410231,0.710199004975,0.135662898253,0.568600345295,0.418215193083,0.1288
Net Profit Margin,0.51996007984,0.419781483611,0.52534287418,0.478477571364,0.545636910732,0.502487562189,0.113052415211,0.426325761428,0.375884786132,0.0937
