Date,2018-12-31,2017-12-31,2016-12-31,2015-12-31,2014-12-31,2013-12-31,2012-12-31,2011-12-31,2010-12-31,2009-12-31
Revenue,1430789000.0,1439270000.0,1492043000.0,1336966000.0,794849000.0,942260000.0,922606000.0,0.0,808928000.0,837684000.0
Revenue Growth,-0.00589257053923169,-0.0353696240657944,0.115991730530171,0.682037720372045,-0.156444081251459,0.0213027012614269,0.0,-1,-0.0343279804795126,-0.1878
Cost of Revenue,1329919000.0,1290977000.0,1327973000.0,1184741000.0,660914000.0,772036000.0,763782000.0,0.0,574117000.0,603579000.0
Gross Profit,100870000.0,148293000.0,164070000.0,152225000.0,133935000.0,170224000.0,158824000.0,0.0,234811000.0,234105000.0
R&D Expenses,0.0,0.0,0.0,0.0,0.0,0.0,0.0,0.0,0.0,0.0
SG&A Expense,10931000.0,13288000.0,8366000.0,14310000.0,57243000.0,52821000.0,44050000.0,0.0,30619000.0,29951000.0
Operating Expenses,10931000.0,13288000.0,8366000.0,14310000.0,57243000.0,52821000.0,44050000.0,0.0,173038000.0,315921000.0
Operating Income,90414000.0,135005000.0,155704000.0,137915000.0,76692000.0,117403000.0,114774000.0,-44767000.0,61773000.0,-81816000.0
Interest Expense,0.0,0.0,0.0,0.0,0.0,88000.0,144796000.0,0.0,139288000.0,132997000.0
Earnings before Tax,-153527000.0,-90978000.0,-57250000.0,310523000.0,-40465000.0,-47047000.0,-56183000.0,0.0,-51895000.0,-248734000.0
Income Tax Expense,2782000.0,-2218000.0,1532000.0,4710000.0,1266000.0,1511000.0,2375000.0,0.0,-155000.0,1508000.0
Net Income - Non-Controlling int,0.0,0.0,0.0,0.0,0.0,0.0,0.0,0.0,-10052000.0,-38418000.0
Net Income - Discontinued ops,0.0,0.0,0.0,0.0,0.0,0.0,0.0,0.0,35667000.0,100267000.0
Net Income,-126966000.0,-67008000.0,-46285000.0,270939000.0,-31401000.0,-41283000.0,-53780000.0,-44767000.0,-51740000.0,-250242000.0
Preferred Dividends,42577000.0,44761000.0,36272000.0,33962000.0,33962000.0,33962000.0,33802000.0,46876000.0,42388000.0,38644000.0
Net Income Com,-126966000.0,-67008000.0,-46285000.0,270939000.0,-31401000.0,-41283000.0,-53780000.0,-44767000.0,-72934000.0,-269564000.0
EPS,-1.75,-1.3,-0.95,2.43,-0.75,-1.0,-1.3,0.0,-1.43,-3.93
EPS Diluted,-1.75,-1.3,-0.95,2.35,-0.75,-1.0,-1.3,0.0,-1.43,-3.93
Weighted Average Shs Out,97282000.0,95207000.0,94426000.0,96290000.0,87622000.0,75155000.0,67533000.0,0.0,51284182.0,61771139.0
Weighted Average Shs Out (Dil),97282000.0,95207000.0,94426000.0,114881000.0,87622000.0,75155000.0,67533000.0,0.0,51159000.0,68597000.0
Dividend per Share,1.00167554121,1.06706439653,0.968642111283,0.794578737998,0.974835087079,1.04888563635,1.05968933706,0.0,0.0,0.0
Gross Margin,0.0704995635275,0.103033482251,0.109963318752,0.113858542401,0.168503703219,0.180655020907,0.172147157075,0.0,0.2903,0.2795
EBITDA Margin,0.264973381819,0.275253427085,0.291157158339,0.277656275477,0.258178597444,0.270905058052,0.283566332757,0.0,0.288,0.049
EBIT Margin,0.0631917075124,0.0938010241303,0.104356241744,0.103155203648,0.0964862508476,0.124597244922,0.124401965736,0.0,0.108,-0.1382
Profit Margin,-0.088738451302,-0.0465569351129,-0.0310212239191,0.202652124287,-0.0395056167901,-0.0438127480738,-0.0582914049985,0.0,-0.09,-0.322
Free Cash Flow margin,0.126895020859,0.144088322552,0.117325707101,0.156290436705,0.140050500158,0.154370343642,0.141593486277,0.0,0.0271,-0.0074
EBITDA,379121000.0,396164000.0,434419000.0,371217000.0,205213000.0,255263000.0,261620000.0,-44767000.0,232719000.0,41370000.0
EBIT,90414000.0,135005000.0,155704000.0,137915000.0,76692000.0,117403000.0,114774000.0,-44767000.0,87393000.0,-115737000.0
Consolidated Income,-126966000.0,-67008000.0,-46285000.0,270939000.0,-31401000.0,-41283000.0,-53780000.0,-44767000.0,-61792000.0,-288660000.0
Earnings Before Tax Margin,-0.107302334586,-0.063211211239,-0.0383702078291,0.232259459104,-0.0509090405851,-0.0499299556386,-0.0608959837677,0.0,-0.0642,-0.2969
Net Profit Margin,-0.088738451302,-0.0465569351129,-0.0310212239191,0.202652124287,-0.0395056167901,-0.0438127480738,-0.0582914049985,0.0,-0.064,-0.2987
