Date,2018-12-31,2017-12-31,2016-12-31,2015-12-31,2014-12-31,2013-12-31,2012-12-31,2011-12-31,2010-12-31,2009-12-31
Revenue,47389000000.0,49520000000.0,52367000000.0,58327000000.0,64406000000.0,68678000000.0,65656000000.0,64237000000.0,77301000000.0,75447000000.0
Revenue Growth,-0.0430331179321486,-0.0543662993870185,-0.10218252267389,-0.0943856162469335,-0.0622033256646961,0.0460277811624223,0.0220900726995345,-0.169001694674066,0.0245735416915185,12.0303
Cost of Revenue,27412000000.0,29972000000.0,32437000000.0,31345000000.0,28281000000.0,29503000000.0,31977000000.0,33449000000.0,45874000000.0,50015000000.0
Gross Profit,19977000000.0,19548000000.0,19930000000.0,26982000000.0,36125000000.0,39175000000.0,33679000000.0,30788000000.0,31427000000.0,25432000000.0
R&D Expenses,0.0,0.0,0.0,0.0,0.0,0.0,0.0,0.0,0.0,0.0
SG&A Expense,9302000000.0,9107000000.0,10989000000.0,12686000000.0,13138000000.0,9166000000.0,9235000000.0,6091000000.0,15820000000.0,24110000000.0
Operating Expenses,9302000000.0,9107000000.0,10989000000.0,12686000000.0,13138000000.0,9166000000.0,9235000000.0,6091000000.0,15820000000.0,25381000000.0
Operating Income,257000000.0,1466000000.0,-74000000.0,3281000000.0,10501000000.0,9368000000.0,9322000000.0,-1065000000.0,7786000000.0,51000000.0
Interest Expense,1309000000.0,1168000000.0,1260000000.0,1281000000.0,1718000000.0,2142000000.0,2319000000.0,3871000000.0,7859000000.0,14358000000.0
Earnings before Tax,257000000.0,1466000000.0,-74000000.0,3281000000.0,10501000000.0,9368000000.0,9322000000.0,-1065000000.0,17936000000.0,-12438000000.0
Income Tax Expense,154000000.0,7526000000.0,185000000.0,1059000000.0,2927000000.0,360000000.0,1570000000.0,-18036000000.0,5859000000.0,-1489000000.0
Net Income - Non-Controlling int,0.0,0.0,0.0,0.0,0.0,0.0,0.0,0.0,0.0,-1364000000.0
Net Income - Discontinued ops,0.0,0.0,0.0,0.0,0.0,0.0,0.0,0.0,0.0,-505000000.0
Net Income,-6000000.0,-6084000000.0,-849000000.0,2196000000.0,7529000000.0,9085000000.0,3438000000.0,17798000000.0,7786000000.0,-10949000000.0
Preferred Dividends,0.0,0.0,0.0,0.0,0.0,0.0,0.0,0.0,0.0,1295000000.0
Net Income Com,-6000000.0,-6084000000.0,-849000000.0,2196000000.0,7529000000.0,9085000000.0,3438000000.0,17798000000.0,7786000000.0,-12244000000.0
EPS,-0.01,-6.54,-0.78,1.69,5.27,6.16,4.44,8.6,14.75,-90.48
EPS Diluted,-0.01,-6.54,-0.78,1.65,5.2,6.13,4.44,8.6,14.75,-90.48
Weighted Average Shs Out,898405537.0,930561286.0,1091085131.0,1299825350.0,1427959799.0,1474171690.0,1687197038.0,1799385757.0,136585844.0,134607379.0
Weighted Average Shs Out (Dil),910141242.0,930561286.0,1091085131.0,1334464883.0,1447553652.0,1481206797.0,1687226641.0,1799458497.0,136649280.0,135324896.0
Dividend per Share,1.25035538165,1.25945493073,1.25746374964,0.77034623623,0.49186432504,0.19848680184,0.0,0.0,0.0,0.0
Gross Margin,0.42155352508,0.394749596123,0.380583191705,0.462598796441,0.560894947676,0.57041556248,0.512961496284,0.479287637966,0.406553602153,0.3371
EBITDA Margin,0.118571820465,0.107835218094,0.076689518208,0.135614723884,0.232105704437,0.205029267014,0.222812842695,0.138020144154,0.301794284679,0.185
EBIT Margin,0.00542319947667,0.0296042003231,-0.00141310367216,0.0562518216263,0.163043815794,0.136404671074,0.141982454003,-0.0165792300388,0.100723147178,0.0254
Profit Margin,-0.000126611660934,-0.122859450727,-0.0162125002387,0.0376498019785,0.116899046673,0.132283991962,0.05236383575,0.277067733549,0.100723147178,-0.162
Free Cash Flow margin,-0.00647829665112,-0.183117932149,0.0241373384001,0.0198021499477,0.0492966493805,0.0456186842948,0.0559887900573,0.000544857325218,0.215301225081,0.2463
EBITDA,5619000000.0,5340000000.0,4016000000.0,7910000000.0,14949000000.0,14081000000.0,14629000000.0,8866000000.0,23329000000.0,13994000000.0
EBIT,257000000.0,1466000000.0,-74000000.0,3281000000.0,10501000000.0,9368000000.0,9322000000.0,-1065000000.0,7786000000.0,1920000000.0
Consolidated Income,-6000000.0,-6084000000.0,-849000000.0,2196000000.0,7529000000.0,9085000000.0,3438000000.0,17798000000.0,7786000000.0,-12313000000.0
Earnings Before Tax Margin,0.00542319947667,0.0296042003231,-0.00141310367216,0.0562518216263,0.163043815794,0.136404671074,0.141982454003,-0.0165792300388,0.232028046209,-0.1649
Net Profit Margin,-0.000126611660934,-0.122859450727,-0.0162125002387,0.0376498019785,0.116899046673,0.132283991962,0.05236383575,0.277067733549,0.100723147178,-0.1451
