Date,2018-12-31,2017-12-31,2016-12-31,2015-12-31,2014-12-31,2013-12-31,2012-12-31,2011-12-31,2010-12-31,2009-12-31
Revenue,3374950000.0,3071976000.0,2677203000.0,3651335000.0,2445548000.0,2616416000.0,2745420000.0,2869005000.0,2362764000.0,2005394000.0
Revenue Growth,0.0986251194670792,0.147457252961393,-0.266787900863657,0.493053908571821,-0.0653061286890158,-0.046988803170371,-0.04307590959235,0.214257962284849,0.178204382779643,-0.1872
Cost of Revenue,2157694000.0,1961996000.0,1706627000.0,2454463000.0,1674700000.0,1755011000.0,1835425000.0,1891946000.0,1616842000.0,1521532000.0
Gross Profit,1217256000.0,1109980000.0,970576000.0,1196872000.0,770848000.0,861405000.0,909995000.0,977059000.0,745922000.0,483862000.0
R&D Expenses,70054000.0,84330000.0,80475000.0,102871000.0,88310000.0,82246000.0,78919000.0,77083000.0,58394000.0,60918000.0
SG&A Expense,446090000.0,437901000.0,380464000.0,512274000.0,355135000.0,162889000.0,313227000.0,312136000.0,265722000.0,212628000.0
Operating Expenses,516144000.0,522231000.0,460939000.0,615145000.0,443445000.0,245135000.0,392146000.0,389219000.0,324116000.0,297582000.0
Operating Income,911540000.0,587749000.0,574551000.0,442435000.0,271298000.0,582909000.0,406164000.0,587840000.0,414848000.0,186280000.0
Interest Expense,0.0,0.0,0.0,0.0,0.0,0.0,0.0,0.0,0.0,24584000.0
Earnings before Tax,794701000.0,446798000.0,515264000.0,358187000.0,213179000.0,471171000.0,354959000.0,550623000.0,392103000.0,171340000.0
Income Tax Expense,144826000.0,431817000.0,96263000.0,29122000.0,18484000.0,136322000.0,82533000.0,130014000.0,92719000.0,-7028000.0
Net Income - Non-Controlling int,0.0,0.0,0.0,0.0,0.0,0.0,0.0,0.0,0.0,11255000.0
Net Income - Discontinued ops,0.0,0.0,0.0,0.0,0.0,0.0,0.0,0.0,0.0,0.0
Net Income,693562000.0,54850000.0,643675000.0,334906000.0,133316000.0,413171000.0,311536000.0,436280000.0,323720000.0,178368000.0
Preferred Dividends,0.0,0.0,0.0,0.0,0.0,0.0,0.0,0.0,0.0,0.0
Net Income Com,693562000.0,54850000.0,643675000.0,334906000.0,133316000.0,413171000.0,311536000.0,436280000.0,323720000.0,178368000.0
EPS,6.4,0.49,5.73,3.01,1.69,4.93,3.49,4.82,3.54,1.95
EPS Diluted,6.34,0.49,5.68,3.0,1.69,4.9,3.47,4.77,3.51,1.94
Weighted Average Shs Out,108427000.0,110914000.0,112379000.0,111182000.0,78696000.0,83839000.0,89189000.0,90522000.0,91393000.0,91680006.0
Weighted Average Shs Out (Dil),109458000.0,112380000.0,113239000.0,111556000.0,79102000.0,84322000.0,89884000.0,91522000.0,92184000.0,91512000.0
Dividend per Share,1.3210181074,1.2507296672,1.19528607635,1.06943597834,1.06320952694,0.926294442731,0.768913265987,0.631094163152,0.538520784518,0.5
Gross Margin,0.36067378776,0.361324437431,0.362533584491,0.327790246581,0.315204608538,0.32923090212,0.33145930313,0.34055674354,0.315698901795,0.2413
EBITDA Margin,0.329556882324,0.25543070649,0.299088264879,0.192398396751,0.15328670711,0.263826165258,0.184009732573,0.2386168724,0.216029192928,0.148
EBIT Margin,0.270089927258,0.191326039006,0.214608679282,0.121170749876,0.110935463135,0.222789113046,0.147942391328,0.2048933341,0.175577416957,0.0977
Profit Margin,0.205502896339,0.0178549572002,0.240428163273,0.0917215210327,0.0545137531547,0.157914872864,0.113474805312,0.152066657256,0.137009028409,0.089
Free Cash Flow margin,-0.0455787493148,-0.00446748281888,0.20048871901,0.0364359884809,0.156215702984,0.106066084292,0.0757235687072,0.103445271096,0.108276154538,0.1203
EBITDA,1112238000.0,784677000.0,800720000.0,702511000.0,374870000.0,690279000.0,505184000.0,684593000.0,510426000.0,296437000.0
EBIT,911540000.0,587749000.0,574551000.0,442435000.0,271298000.0,582909000.0,406164000.0,587840000.0,414848000.0,195924000.0
Consolidated Income,693562000.0,54850000.0,643675000.0,334906000.0,133316000.0,413171000.0,311536000.0,436280000.0,323720000.0,189623000.0
Earnings Before Tax Margin,0.235470451414,0.145443193567,0.192463552446,0.0980975451444,0.0871702375091,0.180082601543,0.129291328831,0.191921240988,0.165950979446,0.0854
Net Profit Margin,0.205502896339,0.0178549572002,0.240428163273,0.0917215210327,0.0545137531547,0.157914872864,0.113474805312,0.152066657256,0.137009028409,0.0889
