Date,2018-12-31,2017-12-31,2016-12-31,2015-12-31,2014-12-31,2013-12-31,2012-12-31,2011-12-31,2010-12-31,2009-12-31
Revenue,1966492000.0,1473413000.0,1079874000.0,845486000.0,761653000.0,660206000.0,560041000.0,479741000.0,387126000.0,312333000.0
Revenue Growth,0.334650909147673,0.364430479852279,0.27722280439889,0.110067182824725,0.153659615332184,0.178852976835625,0.167381983195099,0.239237354246421,0.239465570400822,0.0275
Cost of Revenue,518625000.0,356466000.0,264580000.0,205376000.0,183210000.0,162100000.0,143653000.0,118458000.0,83709000.0,78841000.0
Gross Profit,1447867000.0,1116947000.0,815294000.0,640110000.0,578443000.0,498106000.0,416388000.0,361283000.0,303417000.0,233492000.0
R&D Expenses,128899000.0,97559000.0,75720000.0,61237000.0,52799000.0,44083000.0,42869000.0,37154000.0,25997000.0,22252000.0
SG&A Expense,852404000.0,665777000.0,490653000.0,390239000.0,332068000.0,292798000.0,247881000.0,231326000.0,178803000.0,174260000.0
Operating Expenses,981303000.0,763336000.0,566373000.0,451476000.0,384867000.0,403894000.0,330796000.0,270923000.0,204800000.0,267879000.0
Operating Income,466564000.0,353611000.0,248921000.0,188634000.0,193576000.0,94212000.0,85592000.0,90360000.0,102734000.0,-34387000.0
Interest Expense,0.0,0.0,0.0,0.0,0.0,0.0,0.0,51000.0,19000.0,85000.0
Earnings before Tax,466651000.0,364799000.0,242566000.0,186101000.0,190369000.0,93139000.0,84296000.0,89941000.0,102003000.0,-33893000.0
Income Tax Expense,57723000.0,130162000.0,51200000.0,42081000.0,44537000.0,28844000.0,25605000.0,23225000.0,27750000.0,-2624000.0
Net Income - Non-Controlling int,0.0,0.0,0.0,0.0,0.0,0.0,0.0,0.0,0.0,0.0
Net Income - Discontinued ops,0.0,0.0,0.0,0.0,0.0,0.0,0.0,0.0,0.0,0.0
Net Income,400235000.0,231418000.0,189682000.0,144020000.0,145832000.0,64295000.0,58691000.0,66716000.0,74253000.0,-31269000.0
Preferred Dividends,0.0,0.0,0.0,0.0,0.0,0.0,0.0,0.0,0.0,0.0
Net Income Com,400235000.0,231418000.0,189682000.0,144020000.0,145832000.0,64295000.0,58691000.0,66716000.0,74253000.0,-31269000.0
EPS,5.0,2.89,2.38,1.8,1.81,0.8,0.73,0.86,0.98,-0.45
EPS Diluted,4.92,2.83,2.33,1.77,1.77,0.78,0.71,0.83,0.95,-0.45
Weighted Average Shs Out,80064000.0,80085000.0,79856000.0,79998000.0,80754000.0,80551000.0,80529000.0,77988000.0,75825000.0,74461321.0
Weighted Average Shs Out (Dil),81357000.0,81832000.0,81484000.0,81521000.0,82283000.0,82589000.0,83040000.0,80294000.0,78080000.0,69094000.0
Dividend per Share,0.0,0.0,0.0,0.0,0.0,0.0,0.0,0.0,0.0,0.0
Gross Margin,0.736268949988,0.758067832984,0.754989934011,0.75709118779,0.759457390702,0.754470574336,0.743495565503,0.753079265687,0.78376807551,0.7476
EBITDA Margin,0.265086763638,0.265607809894,0.252735967344,0.244401444849,0.277596228204,0.168185384562,0.184634696388,0.224781705128,0.304156786163,-0.067
EBIT Margin,0.237257003842,0.239994488986,0.230509300159,0.223107183324,0.254152481511,0.142700914563,0.152831667681,0.188351631401,0.265376130769,-0.1082
Profit Margin,0.203527398027,0.157062547975,0.175651974212,0.170339899182,0.191467768131,0.0973862703459,0.104797684455,0.139066704743,0.191805768664,-0.1
Free Cash Flow margin,0.168507677631,0.164817332275,0.163980242139,0.218272094393,0.266272173811,0.252290951612,0.170425022454,0.208581296992,0.288014754886,0.2144
EBITDA,521291000.0,391350000.0,272923000.0,206638000.0,211432000.0,111037000.0,103403000.0,107837000.0,117747000.0,-20804000.0
EBIT,466564000.0,353611000.0,248921000.0,188634000.0,193576000.0,94212000.0,85592000.0,90360000.0,102734000.0,-33808000.0
Consolidated Income,400235000.0,231418000.0,189682000.0,144020000.0,145832000.0,64295000.0,58691000.0,66716000.0,74253000.0,-31269000.0
Earnings Before Tax Margin,0.23730124506,0.247587743559,0.224624354323,0.22011127328,0.249941902677,0.141075664262,0.150517551394,0.187478243469,0.263487856667,-0.1085
Net Profit Margin,0.203527398027,0.157062547975,0.175651974212,0.170339899182,0.191467768131,0.0973862703459,0.104797684455,0.139066704743,0.191805768664,-0.1001
