Date,2018-12-31,2017-12-31,2016-12-31,2015-12-31,2014-12-31,2013-12-31,2012-12-31,2011-12-31,2010-12-31,2009-12-31
Revenue,8264000000.0,7933000000.0,5931000000.0,5598000000.0,5368000000.0,5156000000.0,4657000000.0,4317800000.0,3832300000.0,3399800000.0
Revenue Growth,0.0417244422034539,0.337548474119036,0.0594855305466238,0.0428464977645306,0.0411171450737005,0.107150526089757,0.0785585251748576,0.126686324139551,0.127213365492088,-0.0718
Cost of Revenue,0.0,195000000.0,126000000.0,113000000.0,93000000.0,84000000.0,79000000.0,67200000.0,57500000.0,1534800000.0
Gross Profit,0.0,7738000000.0,5805000000.0,5485000000.0,5275000000.0,5072000000.0,4578000000.0,4250600000.0,3774800000.0,1865000000.0
R&D Expenses,0.0,0.0,0.0,0.0,0.0,0.0,0.0,0.0,0.0,0.0
SG&A Expense,2190000000.0,1924000000.0,1382000000.0,1254000000.0,1136000000.0,1086000000.0,1038000000.0,990500000.0,0.0,1119900000.0
Operating Expenses,7621000000.0,6673000000.0,4582000000.0,4300000000.0,4406000000.0,4318000000.0,4125000000.0,3868900000.0,3360700000.0,1597600000.0
Operating Income,643000000.0,1260000000.0,1349000000.0,1298000000.0,962000000.0,838000000.0,532000000.0,448900000.0,471600000.0,267400000.0
Interest Expense,91000000.0,103000000.0,55000000.0,42000000.0,48000000.0,56000000.0,64000000.0,87300000.0,108300000.0,104300000.0
Earnings before Tax,585000000.0,1207000000.0,1345000000.0,1312000000.0,975000000.0,0.0,514000000.0,393700000.0,405900000.0,202900000.0
Income Tax Expense,148000000.0,173000000.0,531000000.0,464000000.0,370000000.0,308000000.0,198000000.0,149200000.0,154800000.0,81300000.0
Net Income - Non-Controlling int,0.0,0.0,0.0,0.0,0.0,0.0,0.0,0.0,0.0,0.0
Net Income - Discontinued ops,0.0,0.0,0.0,0.0,0.0,0.0,0.0,0.0,0.0,0.0
Net Income,437000000.0,1034000000.0,814000000.0,848000000.0,605000000.0,508000000.0,316000000.0,244500000.0,251100000.0,121600000.0
Preferred Dividends,0.0,0.0,0.0,0.0,0.0,0.0,0.0,0.0,0.0,0.0
Net Income Com,437000000.0,1034000000.0,814000000.0,848000000.0,605000000.0,508000000.0,316000000.0,244500000.0,251100000.0,121600000.0
EPS,3.55,8.39,6.59,6.61,4.47,7.26,4.47,6.81,7.01,0.848
EPS Diluted,3.52,8.35,6.54,6.56,4.42,7.16,4.4,6.66,6.83,0.84
Weighted Average Shs Out,123230000.0,123211000.0,123557000.0,128373000.0,135445000.0,69955000.0,70708000.0,35878000.0,35822000.0,141022012.0
Weighted Average Shs Out (Dil),123975000.0,123854000.0,124389000.0,129372000.0,136801000.0,70939000.0,71784000.0,36710000.0,36786000.0,143260000.0
Dividend per Share,1.27445049405,1.19495535065,1.09334426678,0.788424079399,0.497072389822,0.394705310196,0.0,0.0,0.0,0.0
Gross Margin,0.0,0.975419135258,0.97875569044,0.979814219364,0.982675111773,0.983708301009,0.983036289457,0.984436518597,0.984995955431,0.5486
EBITDA Margin,0.125968054211,0.205722929535,0.288652841005,0.28903179707,0.233979135618,0.214895267649,0.170925488512,0.161146880356,0.183205907679,0.155
EBIT Margin,0.077807357212,0.15883020295,0.227448996796,0.231868524473,0.179210134128,0.16252909232,0.114236633026,0.103964982167,0.123059259453,0.0904
Profit Margin,0.0528799612778,0.130341610992,0.137244983982,0.151482672383,0.112704918033,0.0985259891389,0.0678548421731,0.0566260595674,0.065522010281,0.036
Free Cash Flow margin,0.0284365924492,0.0710954241775,0.119372787051,0.134512325831,0.0625931445604,0.0804887509697,0.0504616706034,0.0714715827505,0.0967304229836,-0.0429
EBITDA,1041000000.0,1632000000.0,1712000000.0,1618000000.0,1256000000.0,1108000000.0,796000000.0,695800000.0,702100000.0,526400000.0
EBIT,643000000.0,1260000000.0,1349000000.0,1298000000.0,962000000.0,838000000.0,532000000.0,448900000.0,471600000.0,307200000.0
Consolidated Income,437000000.0,1034000000.0,814000000.0,848000000.0,605000000.0,508000000.0,316000000.0,244500000.0,251100000.0,121600000.0
Earnings Before Tax Margin,0.070788964182,0.152149249968,0.226774574271,0.234369417649,0.181631892697,0.0,0.110371483788,0.0911806938719,0.105915507659,0.0597
Net Profit Margin,0.0528799612778,0.130341610992,0.137244983982,0.151482672383,0.112704918033,0.0985259891389,0.0678548421731,0.0566260595674,0.065522010281,0.0358
