Date,2018-12-31,2017-12-31,2016-12-31,2015-12-31,2014-12-31,2013-12-31,2012-12-31,2011-12-31,2010-12-31,2009-12-31
Revenue,4316466000.0,4186497000.0,3893635000.0,2884603000.0,3129440000.0,2956450000.0,2759546000.0,2776359000.0,0.0,2179109000.0
Revenue Growth,0.0310448090611315,0.0752155761903722,0.349799261804831,-0.078236681323176,0.0585127433239189,0.0713537661629848,-0.0060557730466413,0.0,-1,-0.1804
Cost of Revenue,3605901000.0,3429224000.0,3198158000.0,2405338000.0,2576618000.0,2411937000.0,2335736000.0,2285790000.0,0.0,1698713000.0
Gross Profit,710565000.0,757273000.0,695477000.0,479265000.0,552822000.0,544513000.0,423810000.0,490569000.0,0.0,480396000.0
R&D Expenses,157182000.0,166614000.0,117206000.0,82017000.0,76864000.0,64625000.0,54118000.0,50386000.0,0.0,44453000.0
SG&A Expense,295239000.0,297455000.0,284331000.0,232409000.0,254498000.0,247779000.0,217000000.0,246513000.0,0.0,210626000.0
Operating Expenses,452421000.0,464069000.0,401537000.0,314426000.0,331362000.0,312404000.0,271118000.0,296899000.0,0.0,255079000.0
Operating Income,258144000.0,401313000.0,293940000.0,164839000.0,221460000.0,232109000.0,152692000.0,193670000.0,0.0,225317000.0
Interest Expense,78946000.0,83839000.0,79668000.0,81407000.0,104956000.0,96739000.0,83974000.0,74212000.0,0.0,115396000.0
Earnings before Tax,185815000.0,303870000.0,215157000.0,67535000.0,136078000.0,123987000.0,59703000.0,100219000.0,0.0,126220000.0
Income Tax Expense,56250000.0,38982000.0,47853000.0,28035000.0,33845000.0,22646000.0,17001000.0,7124000.0,0.0,-29760000.0
Net Income - Non-Controlling int,0.0,0.0,0.0,0.0,0.0,0.0,0.0,0.0,0.0,303000.0
Net Income - Discontinued ops,0.0,0.0,0.0,0.0,0.0,0.0,0.0,0.0,0.0,0.0
Net Income,127092000.0,260706000.0,164190000.0,56812000.0,130386000.0,109296000.0,41818000.0,91808000.0,0.0,155980000.0
Preferred Dividends,0.0,0.0,0.0,0.0,0.0,0.0,0.0,0.0,0.0,0.0
Net Income Com,127092000.0,260706000.0,164190000.0,56812000.0,130386000.0,109296000.0,41818000.0,91808000.0,0.0,155980000.0
EPS,0.53,1.09,0.69,0.24,0.56,0.58,0.26,0.48,0.0,0.85
EPS Diluted,0.53,1.09,0.69,0.24,0.55,0.5,0.24,0.39,0.0,0.67
Weighted Average Shs Out,239329000.0,238937000.0,237416000.0,236850000.0,230710000.0,187032000.0,160105000.0,190829000.0,0.0,183114424.0
Weighted Average Shs Out (Dil),239741000.0,239651000.0,238034000.0,237170000.0,236731000.0,235330000.0,243004000.0,273686000.0,0.0,183067000.0
Dividend per Share,0.0,0.0,0.00230219212381,0.00103723067842,0.0,0.0,0.0,0.0,0.0,0.0
Gross Margin,0.16461730499,0.180884639354,0.178618951186,0.16614591332,0.176652052763,0.18417798373,0.153579610559,0.176695088784,0.0,0.2205
EBITDA Margin,0.192570727998,0.235157937531,0.218440865669,0.2290450367,0.219976417506,0.218280370038,0.19091328791,0.191996424094,0.0,0.251
EBIT Margin,0.0598044789418,0.0958589006513,0.0754924382999,0.0571444320068,0.0707666547369,0.0785093608889,0.0553322901666,0.069756828998,0.0,0.1109
Profit Margin,0.0294435308885,0.062273065047,0.0421688216795,0.0196949112235,0.0416643233294,0.0369686617396,0.015153941989,0.033067769694,0.0,0.072
Free Cash Flow margin,0.0269405573912,0.0160812249477,0.0203830097069,0.0138563261565,-0.0214770054706,-0.00294948333305,-0.0523452046097,0.0180589037657,0.0,0.0419
EBITDA,831225000.0,984488000.0,850529000.0,660704000.0,688403000.0,645335000.0,526834000.0,533051000.0,0.0,547126000.0
EBIT,258144000.0,401313000.0,293940000.0,164839000.0,221460000.0,232109000.0,152692000.0,193670000.0,0.0,241616000.0
Consolidated Income,127092000.0,260706000.0,164190000.0,56812000.0,130386000.0,109296000.0,41818000.0,91808000.0,0.0,156283000.0
Earnings Before Tax Margin,0.0430479470938,0.0725833554879,0.0552586464833,0.0234122338499,0.0434831790991,0.0419377970201,0.0216350805531,0.0360972770452,0.0,0.0579
Net Profit Margin,0.0294435308885,0.062273065047,0.0421688216795,0.0196949112235,0.0416643233294,0.0369686617396,0.015153941989,0.033067769694,0.0,0.0716
