Date,2018-12-31,2017-12-31,2016-12-31,2015-12-31,2014-12-31,2013-12-31,2012-12-31,2011-12-31,2010-12-31,2009-12-31
Revenue,787138000.0,717152000.0,651227000.0,630832000.0,593241000.0,574171249.0,631170565.0,728200318.0,618226659.0,428516589.0
Revenue Growth,0.0975887956806925,0.101231982089195,0.0323303193243209,0.0633654787851817,0.0332126539481255,-0.0903073101959373,-0.133245963509728,0.177885662805104,0.442713479174082,0.0825
Cost of Revenue,613526000.0,572994000.0,516883000.0,513768000.0,476309000.0,470846710.0,503023288.0,593154171.0,507524239.0,348816533.0
Gross Profit,173612000.0,144158000.0,134344000.0,117064000.0,116932000.0,103324539.0,128147277.0,135046147.0,110702420.0,79700056.0
R&D Expenses,0.0,0.0,0.0,0.0,0.0,0.0,0.0,0.0,0.0,0.0
SG&A Expense,114513000.0,107570000.0,110568000.0,110007000.0,103781000.0,96693028.0,30568884.0,84360323.0,64710123.0,54406204.0
Operating Expenses,114513000.0,107570000.0,110568000.0,110007000.0,103781000.0,96693028.0,99490275.0,84360323.0,64710123.0,54406204.0
Operating Income,59099000.0,36588000.0,23776000.0,7057000.0,13151000.0,6631511.0,28657002.0,50685824.0,45992297.0,25293852.0
Interest Expense,15344000.0,9082000.0,7088000.0,1338000.0,1369000.0,2044647.0,3634146.0,0.0,0.0,0.0
Earnings before Tax,42390000.0,28717000.0,16367000.0,292000.0,6292000.0,7704867.0,24606886.0,44180105.0,39699301.0,26856762.0
Income Tax Expense,4813000.0,-4791000.0,4370000.0,2843000.0,-4091000.0,344681.0,6246753.0,10767172.0,12185635.0,6949614.0
Net Income - Non-Controlling int,0.0,0.0,0.0,0.0,0.0,0.0,0.0,0.0,0.0,0.0
Net Income - Discontinued ops,0.0,0.0,0.0,0.0,0.0,0.0,0.0,0.0,0.0,0.0
Net Income,37984000.0,37491000.0,11997000.0,-2551000.0,10383000.0,2414187.0,18360133.0,33412933.0,27513666.0,19907148.0
Preferred Dividends,0.0,0.0,0.0,0.0,0.0,0.0,0.0,0.0,0.0,0.0
Net Income Com,37984000.0,37491000.0,11997000.0,-2551000.0,10383000.0,2414187.0,18360133.0,33412933.0,27513666.0,19907148.0
EPS,0.83,0.82,0.26,0.06,0.22,0.05,0.41,0.78,1.07,1.99
EPS Diluted,0.81,0.82,0.26,0.06,0.22,0.05,0.4,0.75,0.66,0.61
Weighted Average Shs Out,45729000.0,45509000.0,46409192.0,46494448.0,46161846.0,45560078.0,44649275.0,43360711.0,41086165.0,
Weighted Average Shs Out (Dil),46831000.0,45748000.0,46493477.0,47664895.0,46718140.0,46419199.0,45995463.0,42587818.0,25728314.0,9991912.0
Dividend per Share,0.0,0.0,0.0,0.0,0.0,0.0,0.0,0.0,0.0,0.0
Gross Margin,0.220561070613,0.201014568739,0.206293657972,0.185570801735,0.197107077899,0.179954219547,0.203031136282,0.1855,0.1791,0.186
EBITDA Margin,0.116651717996,0.0888249631877,0.0768303525499,0.051550967611,0.0629305796464,0.0491096916627,0.0767675168756,0.08,0.083,0.078
EBIT Margin,0.0750808625679,0.0510184730713,0.0365095427554,0.0111868136049,0.0221680564897,0.011549709275,0.0454029442897,0.0607,0.0642,0.0627
Profit Margin,0.0482558331576,0.052277620365,0.0184221477304,-0.00404386587871,0.0175021618533,0.00420464626922,0.029089019701,0.046,0.045,0.046
Free Cash Flow margin,-0.227246048342,-0.309722346169,-0.201630153541,-0.159912623329,-0.0445434486153,-0.148300844301,0.0639094774643,-0.2206,-0.0317,0.0252
EBITDA,91821000.0,63701000.0,50034000.0,32520000.0,37333000.0,28197373.0,48453397.0,58188843.0,51118487.0,33490452.0
EBIT,59099000.0,36588000.0,23776000.0,7057000.0,13151000.0,6631511.0,28657002.0,44180105.0,39699301.0,26856762.0
Consolidated Income,37984000.0,37491000.0,11997000.0,-2551000.0,10383000.0,2414187.0,18360133.0,33412933.0,27513666.0,19907148.0
Earnings Before Tax Margin,0.0538533268626,0.0400431149882,0.0251325574646,0.000462880766987,0.0106061448888,0.0134191097402,0.0389861114642,0.0607,0.0642,0.0627
Net Profit Margin,0.0482558331576,0.052277620365,0.0184221477304,-0.00404386587871,0.0175021618533,0.00420464626922,0.029089019701,0.0459,0.0445,0.0465
