Date,2019-04-30,2018-04-30,2017-04-30,2016-04-30,2015-04-30,2014-04-30,2013-04-30,2012-04-30,2011-04-30,2010-04-30
Revenue,108706000.0,112703000.0,106286000.0,113889000.0,102873000.0,100601000.0,100467000.0,102636000.0,85589000.0,75276000.0
Revenue Growth,-0.0354648944571129,0.0603748377020492,-0.0667579836507477,0.107083491295092,0.0225842685460383,0.00133377128808464,-0.0211329358119958,0.199172790896026,0.137002497475955,-0.0352
Cost of Revenue,51966000.0,50000000.0,51084000.0,54229000.0,50459000.0,43715000.0,45560000.0,45840000.0,40185000.0,32974000.0
Gross Profit,56740000.0,62703000.0,55202000.0,59660000.0,52414000.0,56886000.0,54907000.0,56796000.0,45404000.0,42302000.0
R&D Expenses,13078000.0,11877000.0,11889000.0,11248000.0,11088000.0,9074000.0,8882000.0,8226000.0,7388000.0,6722000.0
SG&A Expense,37998000.0,36715000.0,34506000.0,34613000.0,31590000.0,32815000.0,31740000.0,31867000.0,27920000.0,27886000.0
Operating Expenses,51464000.0,49172000.0,47436000.0,46133000.0,43072000.0,42361000.0,41123000.0,40628000.0,36211000.0,35003000.0
Operating Income,5276000.0,13531000.0,7766000.0,13527000.0,9342000.0,14525000.0,13784000.0,16168000.0,9193000.0,7299000.0
Interest Expense,0.0,0.0,0.0,0.0,0.0,0.0,0.0,0.0,0.0,0.0
Earnings before Tax,7641000.0,15715000.0,21615000.0,14700000.0,0.0,0.0,0.0,17271000.0,11134000.0,9138000.0
Income Tax Expense,838000.0,3662000.0,6994000.0,4458000.0,2274000.0,5566000.0,5114000.0,5928000.0,3770000.0,3434000.0
Net Income - Non-Controlling int,0.0,0.0,0.0,0.0,0.0,0.0,0.0,0.0,0.0,90000.0
Net Income - Discontinued ops,0.0,0.0,0.0,0.0,0.0,0.0,0.0,0.0,0.0,0.0
Net Income,6803000.0,12053000.0,14621000.0,10242000.0,8128000.0,10331000.0,10411000.0,11343000.0,7364000.0,5704000.0
Preferred Dividends,0.0,0.0,0.0,0.0,0.0,0.0,0.0,0.0,0.0,0.0
Net Income Com,6803000.0,12053000.0,14621000.0,10242000.0,8128000.0,10331000.0,10411000.0,11343000.0,7364000.0,5704000.0
EPS,0.22,0.4,0.5,0.36,0.29,0.37,0.38,0.43,0.29,0.23
EPS Diluted,0.22,0.4,0.49,0.35,0.28,0.37,0.38,0.42,0.28,0.22
Weighted Average Shs Out,30950000.0,30080000.0,29232000.0,28727000.0,28283000.0,27636000.0,27173000.0,26455000.0,25904538.0,25304351.0
Weighted Average Shs Out (Dil),31378000.0,30472000.0,29567000.0,29005000.0,28614000.0,28111000.0,27629000.0,27098000.0,25751000.0,25318000.0
Dividend per Share,0.433105997833,0.432790758729,0.424121486793,0.395724875022,0.39480673796,0.197040304507,0.559955119621,0.35009963835,0.36,0.36
Gross Margin,0.521958309569,0.556356086351,0.519372259752,0.523843391372,0.509502007329,0.565461575929,0.546517762051,0.553373085467,0.5305,0.562
EBITDA Margin,0.119542619543,0.173562371898,0.135539958226,0.168102275022,0.147511980792,0.170286577668,0.178685538535,0.200533925718,0.176,0.15
EBIT Margin,0.048534579508,0.120058915912,0.0730670078844,0.11877354266,0.0908109999708,0.144382262602,0.137199279365,0.157527573171,0.1301,0.1214
Profit Margin,0.0625816422277,0.106944801824,0.137562802251,0.0899296683613,0.0790100415075,0.102692816175,0.103626066271,0.110516777739,0.086,0.076
Free Cash Flow margin,0.208617739591,0.0472569496819,0.179223980581,0.154852531851,0.0874476296015,0.179481317283,0.183065086048,0.155004092131,0.0023,-0.0644
EBITDA,12995000.0,19561000.0,14406000.0,19145000.0,15175000.0,17131000.0,17952000.0,20582000.0,15056000.0,11298000.0
EBIT,5276000.0,13531000.0,7766000.0,13527000.0,9342000.0,14525000.0,13784000.0,16168000.0,11134000.0,9138000.0
Consolidated Income,6803000.0,12053000.0,14621000.0,10242000.0,8128000.0,10331000.0,10411000.0,11343000.0,7364000.0,5794000.0
Earnings Before Tax Margin,0.0702905083436,0.13943728206,0.2033663888,0.129073044807,0.0,0.0,0.0,0.168274289723,0.1301,0.1214
Net Profit Margin,0.0625816422277,0.106944801824,0.137562802251,0.0899296683613,0.0790100415075,0.102692816175,0.103626066271,0.110516777739,0.086,0.0758
