Date,2018-12-31,2017-12-31,2016-12-31,2015-12-31,2014-12-31,2013-12-31,2012-12-31,2011-12-31,2010-12-31,2009-12-31
Revenue,17970000.0,21337000.0,123975000.0,38326000.0,36970000.0,81394000.0,27587000.0,12719000.0,16613000.0,10387000.0
Revenue Growth,-0.157801002952618,-0.827892720306513,2.23474925637948,0.0366783878820665,-0.545789615942207,1.95044767462935,1.16895982388553,-0.234394751098537,0.599403100028882,0.0589
Cost of Revenue,0.0,0.0,43453000.0,17147000.0,-5750000.0,6180000.0,4362000.0,12564000.0,7414000.0,6536000.0
Gross Profit,17970000.0,21337000.0,80522000.0,21179000.0,42720000.0,75214000.0,23225000.0,155000.0,9199000.0,3851000.0
R&D Expenses,115029000.0,70988000.0,66425000.0,88411000.0,100347000.0,66468000.0,54112000.0,58706000.0,75459000.0,110159000.0
SG&A Expense,47724000.0,30341000.0,31243000.0,35966000.0,34137000.0,31681000.0,26226000.0,24248000.0,27936000.0,25247000.0
Operating Expenses,162753000.0,113304000.0,97668000.0,124377000.0,147993000.0,98149000.0,80338000.0,82954000.0,105554000.0,142238000.0
Operating Income,-144783000.0,-91967000.0,-17146000.0,-103198000.0,-105273000.0,-22935000.0,-57113000.0,-82799000.0,-96355000.0,-138387000.0
Interest Expense,5695000.0,6119000.0,6512000.0,6828000.0,6915000.0,7091000.0,9120000.0,14309000.0,21681000.0,18718000.0
Earnings before Tax,-138834000.0,-95854000.0,-24816000.0,-107979000.0,-60508000.0,-19435000.0,-85477000.0,0.0,-124534000.0,-153204000.0
Income Tax Expense,-110265000.0,0.0,0.0,0.0,0.0,0.0,0.0,0.0,0.0,0.0
Net Income - Non-Controlling int,0.0,0.0,0.0,0.0,0.0,0.0,0.0,0.0,0.0,0.0
Net Income - Discontinued ops,0.0,0.0,0.0,0.0,0.0,0.0,0.0,0.0,0.0,0.0
Net Income,-29399000.0,-91407000.0,-22516000.0,-107979000.0,-60508000.0,-19435000.0,-85477000.0,-109224000.0,-124534000.0,-153204000.0
Preferred Dividends,0.0,0.0,0.0,0.0,0.0,0.0,2824000.0,2260000.0,0.0,0.0
Net Income Com,-29399000.0,-91407000.0,-22516000.0,-107979000.0,-60508000.0,-19435000.0,-85477000.0,-109224000.0,-124534000.0,-153204000.0
EPS,-0.63,-2.77,-0.09,-0.45,-0.28,-0.09,-0.45,-0.8,-11.4,-18.2
EPS Diluted,-0.63,-2.77,-0.09,-0.45,-0.28,-0.09,-0.45,-0.8,-11.4,-18.2
Weighted Average Shs Out,47041000.0,32990000.0,243133000.0,240671335.0,219733539.0,2.18104323e+11,196523708.0,139170725.0,12141150.0,9271764.0
Weighted Average Shs Out (Dil),47041000.0,32990000.0,243133000.0,240671335.0,219733539.0,2.18104323e+11,196523708.0,139170725.0,10957318.0,8434136.0
Dividend per Share,0.0,0.0,0.0,0.0,0.0,0.0,0.0,0.0,0.0,0.0
Gross Margin,1.0,1.0,0.649501915709,0.552601367218,1.15553151204,0.924073027496,0.841882045891,0.0121864926488,0.5537,0.3708
EBITDA Margin,-7.80467445743,-4.10334161316,-0.0617463198225,-2.42707300527,-2.59605085204,-0.179337543308,-1.66201471708,-5.27486437613,-5.566,-11.887
EBIT Margin,-8.05692821369,-4.31021230726,-0.138302077032,-2.69263685227,-2.84752502029,-0.281777526599,-2.07028672926,-6.50986712792,-6.1911,-12.9475
Profit Margin,-1.63600445186,-4.2839668182,-0.181617261545,-2.81738245577,-1.63667838788,-0.238776814016,-3.0984521695,-8.58746756821,-7.496,-14.75
Free Cash Flow margin,-7.3958820256,-3.12860289638,-0.508884855818,-2.84676198925,-2.98358128212,0.781826670271,-1.66107224417,-6.2014309301,-3.3997,-15.4995
EBITDA,-140250000.0,-87553000.0,-7655000.0,-93020000.0,-95976000.0,-14597000.0,-45850000.0,-67091000.0,-92460000.0,-123468000.0
EBIT,-144783000.0,-91967000.0,-17146000.0,-103198000.0,-105273000.0,-22935000.0,-57113000.0,-82799000.0,-102853000.0,-134486000.0
Consolidated Income,-29399000.0,-91407000.0,-22516000.0,-107979000.0,-60508000.0,-19435000.0,-85477000.0,-109224000.0,-124534000.0,-153204000.0
Earnings Before Tax Margin,-7.72587646077,-4.49238412148,-0.20016938899,-2.81738245577,-1.63667838788,-0.238776814016,-3.0984521695,0.0,-7.4962,-14.7496
Net Profit Margin,-1.63600445186,-4.2839668182,-0.181617261545,-2.81738245577,-1.63667838788,-0.238776814016,-3.0984521695,-8.58746756821,-7.4962,-14.7496
