Date,2018-12-31,2017-12-31,2016-12-31,2015-12-31,2014-12-31,2013-12-31,2012-12-31,2011-12-31,2010-12-31,2009-12-31
Revenue,5556000.0,31534000.0,30662000.0,37071000.0,0.0,0.0,0.0,0.0,79744000.0,-332566000.0
Revenue Growth,-0.823809221792351,0.0284391102993934,-0.172884464945645,0.0,0.0,0.0,0.0,-1,-1.23978398272824,-1.8796
Cost of Revenue,37145000.0,31534000.0,30662000.0,37071000.0,0.0,0.0,0.0,0.0,0.0,0.0
Gross Profit,-31589000.0,0.0,0.0,0.0,0.0,0.0,0.0,0.0,79744000.0,-332566000.0
R&D Expenses,0.0,0.0,0.0,0.0,0.0,0.0,0.0,0.0,0.0,0.0
SG&A Expense,23430000.0,22751000.0,24026000.0,19825000.0,19777000.0,17832000.0,17317000.0,22353000.0,35621000.0,58302000.0
Operating Expenses,23430000.0,22751000.0,24026000.0,19825000.0,19777000.0,17832000.0,17317000.0,22353000.0,187505000.0,383647000.0
Operating Income,3482000.0,-47250000.0,-12356000.0,3535000.0,-27305000.0,-22779000.0,-43831000.0,15764000.0,-107761000.0,-716213000.0
Interest Expense,36896000.0,27700000.0,20207000.0,18330000.0,24052000.0,23872000.0,31124000.0,43979000.0,0.0,0.0
Earnings before Tax,3482000.0,-47250000.0,-12356000.0,3535000.0,-27305000.0,-22779000.0,-43831000.0,15764000.0,-99411000.0,-724866000.0
Income Tax Expense,-4130000.0,-6378000.0,-6015000.0,1829000.0,-34632000.0,-5114000.0,-15609000.0,-277000.0,-1907000.0,-183977000.0
Net Income - Non-Controlling int,0.0,0.0,0.0,0.0,0.0,0.0,0.0,0.0,2559000.0,-10461000.0
Net Income - Discontinued ops,0.0,0.0,0.0,0.0,0.0,0.0,0.0,0.0,-10909000.0,-9417000.0
Net Income,7856000.0,-40781000.0,-6335000.0,1713000.0,7177000.0,-17741000.0,24451000.0,134017000.0,-97504000.0,-540889000.0
Preferred Dividends,0.0,0.0,0.0,0.0,0.0,0.0,0.0,0.0,0.0,0.0
Net Income Com,7856000.0,-40781000.0,-6335000.0,1713000.0,7177000.0,-17741000.0,24451000.0,134017000.0,-97504000.0,-540889000.0
EPS,0.56,-2.93,-0.46,0.12,0.51,-1.29,1.27,5.21,-2.45,-11.34
EPS Diluted,0.56,-2.93,-0.46,0.12,0.51,-1.29,1.26,5.19,-2.45,-11.34
Weighted Average Shs Out,13927000.0,13925000.0,13867000.0,13906000.0,13983000.0,13774000.0,19271000.0,0.0,35754189.0,47730451.0
Weighted Average Shs Out (Dil),14002000.0,13940000.0,13937000.0,13961000.0,13984000.0,13774000.0,19314000.0,0.0,35754189.0,47730451.0
Dividend per Share,0.0,0.0,0.0,0.0,0.0,0.0,0.0,0.0,0.0,0.5
Gross Margin,-5.68556515479,0.0,0.0,0.0,0.0,0.0,0.0,0.0,1.0,1.0
EBITDA Margin,14.1735061195,0.0,0.0,0.0,0.0,0.0,0.0,0.0,-1.077,2.114
EBIT Margin,0.626709863211,0.0,0.0,0.0,0.0,0.0,0.0,0.0,-1.2466,2.1796
Profit Margin,1.41396688265,0.0,0.0,0.0,0.0,0.0,0.0,0.0,-1.223,1.626
Free Cash Flow margin,7.46454283657,-0.820067229023,1.26103972344,-0.000539505273664,0.0,0.0,0.0,0.0,4.1589,-0.855
EBITDA,78748000.0,13390000.0,37589000.0,85358000.0,41407000.0,-4480000.0,-38829000.0,28393000.0,-85854000.0,-702996000.0
EBIT,3482000.0,-47250000.0,-12356000.0,3535000.0,-27305000.0,-22779000.0,-43831000.0,15764000.0,-99411000.0,-724866000.0
Consolidated Income,7856000.0,-40781000.0,-6335000.0,1713000.0,7177000.0,-17741000.0,24451000.0,134017000.0,-94945000.0,-551350000.0
Earnings Before Tax Margin,0.626709863211,0.0,0.0,0.0,0.0,0.0,0.0,0.0,-1.2466,2.1796
Net Profit Margin,1.41396688265,0.0,0.0,0.0,0.0,0.0,0.0,0.0,-1.2227,1.6264
