Date,2018-12-31,2017-12-31,2016-12-31,2015-12-31,2014-12-31,2013-12-31,2012-12-31,2011-12-31,2010-12-31,2009-12-31
Revenue,1425361.0,0.0,0.0,0.0,0.0,0.0,0.0,0.0,35691348.0,33880816.0
Revenue Growth,0.0,0.0,0.0,0.0,0.0,0.0,0.0,-1,0.0534382642968221,0.3666
Cost of Revenue,0.0,0.0,0.0,0.0,0.0,0.0,0.0,0.0,0.0,0.0
Gross Profit,0.0,0.0,0.0,0.0,0.0,0.0,0.0,0.0,35691348.0,33880816.0
R&D Expenses,0.0,0.0,0.0,0.0,0.0,0.0,0.0,0.0,0.0,0.0
SG&A Expense,17821753.0,15994036.0,15687335.0,15231369.0,14129956.0,13131556.0,12465403.0,11631032.0,15921433.0,16858639.0
Operating Expenses,17821753.0,15994036.0,15687335.0,15231369.0,14129956.0,13131556.0,12465403.0,11631032.0,18221022.0,22582223.0
Operating Income,21419978.0,21281990.0,22539282.0,20821195.0,20866726.0,18611566.0,18929951.0,18471087.0,17470326.0,11298593.0
Interest Expense,7603196.0,5581079.0,4135281.0,4185139.0,4547101.0,5074763.0,5751941.0,6730065.0,0.0,0.0
Earnings before Tax,21419978.0,21281990.0,22539282.0,20821195.0,20866726.0,18611566.0,18929951.0,18471087.0,17470326.0,11298593.0
Income Tax Expense,4406100.0,7584801.0,6804506.0,5806544.0,5615519.0,4657922.0,4747643.0,4550280.0,4504052.0,2292807.0
Net Income - Non-Controlling int,0.0,0.0,0.0,0.0,0.0,0.0,0.0,0.0,0.0,0.0
Net Income - Discontinued ops,0.0,0.0,0.0,0.0,0.0,0.0,0.0,0.0,0.0,0.0
Net Income,17013878.0,13697189.0,15734776.0,15014651.0,15251207.0,13953644.0,14182308.0,13920807.0,12966274.0,9005786.0
Preferred Dividends,0.0,0.0,0.0,0.0,0.0,0.0,0.0,0.0,0.0,0.0
Net Income Com,17013878.0,13697189.0,15734776.0,15014651.0,15251207.0,13953644.0,14182308.0,13920807.0,12966274.0,9005786.0
EPS,1.83,1.47,1.69,1.61,1.64,1.5,1.52,1.48,1.37,0.95
EPS Diluted,1.83,1.47,1.69,1.61,1.64,1.5,1.52,1.48,1.37,0.95
Weighted Average Shs Out,9310594.0,9310913.0,9310913.0,9310913.0,9310913.0,9310913.0,9310913.0,0.0,9432915.0,9432915.0
Weighted Average Shs Out (Dil),9310594.0,9310913.0,9310913.0,9310913.0,9310913.0,9310913.0,9310913.0,0.0,9432915.0,9432915.0
Dividend per Share,1.16003973538,0.870000074107,0.830000022554,0.779999984964,0.700000096661,0.629999012986,0.580001016012,0.0,0.43,0.58
Gross Margin,0.0,0.0,0.0,0.0,0.0,0.0,0.0,0.0,1.0,1.0
EBITDA Margin,17.5111420896,0.0,0.0,0.0,0.0,0.0,0.0,0.0,0.51,0.359
EBIT Margin,15.0277564771,0.0,0.0,0.0,0.0,0.0,0.0,0.0,0.4895,0.3335
Profit Margin,11.9365395854,0.0,0.0,0.0,0.0,0.0,0.0,0.0,0.363,0.266
Free Cash Flow margin,14.0936485564,0.0,0.0,0.0,0.0,0.0,0.0,0.0,0.4612,0.3305
EBITDA,24959699.0,25582584.0,27182425.0,25794114.0,26114814.0,25756328.0,26179832.0,24237278.0,18218334.0,12175385.0
EBIT,21419978.0,21281990.0,22539282.0,20821195.0,20866726.0,18611566.0,18929951.0,18471087.0,17470326.0,11298593.0
Consolidated Income,17013878.0,13697189.0,15734776.0,15014651.0,15251207.0,13953644.0,14182308.0,13920807.0,12966274.0,9005786.0
Earnings Before Tax Margin,15.0277564771,0.0,0.0,0.0,0.0,0.0,0.0,0.0,0.4895,0.3335
Net Profit Margin,11.9365395854,0.0,0.0,0.0,0.0,0.0,0.0,0.0,0.3633,0.2658
