Date,2018-12-31,2017-12-31,2016-12-31,2015-12-31,2014-12-31,2013-12-31,2012-12-31,2011-12-31,2010-12-31,2009-12-31
Revenue,63554000.0,54515000.0,52222046.0,45658100.0,26501665.0,20618500.0,13055106.0,16458492.0,12818698.0,8311062.0
Revenue Growth,0.165807575896542,0.0439077779526294,0.143763012477523,0.722838923516692,0.28533428716929,0.579343744891845,-0.20678601660468,0.283944125994699,0.542365825209823,0.4682
Cost of Revenue,31065000.0,27466000.0,28816766.0,19457683.0,11236695.0,9197230.0,0.0,6797192.0,4273210.0,4139834.0
Gross Profit,32489000.0,27049000.0,23405280.0,26200417.0,15264970.0,11421270.0,13055106.0,9661300.0,8545488.0,4171228.0
R&D Expenses,12328000.0,13147000.0,21126936.0,19731564.0,18638016.0,15263371.0,0.0,6699325.0,8802502.0,7902486.0
SG&A Expense,36762000.0,30353000.0,26394804.0,26930832.0,31740249.0,17008216.0,0.0,7398762.0,5769444.0,5962386.0
Operating Expenses,49090000.0,43500000.0,47521740.0,46662396.0,50378265.0,32271587.0,0.0,14098087.0,14571946.0,13864872.0
Operating Income,-4101000.0,-16451000.0,-24116460.0,-20461979.0,-35113295.0,-20850317.0,-11427450.0,-4436787.0,-6026458.0,-9693644.0
Interest Expense,2675000.0,1423000.0,0.0,0.0,0.0,0.0,0.0,-887.0,0.0,633459.0
Earnings before Tax,-6515000.0,-16743000.0,-24238804.0,-20483846.0,-35126715.0,-20806776.0,-11427450.0,0.0,-6091198.0,-10290752.0
Income Tax Expense,0.0,0.0,100000.0,175000.0,25000.0,-300000.0,0.0,0.0,0.0,0.0
Net Income - Non-Controlling int,0.0,0.0,0.0,0.0,0.0,0.0,0.0,0.0,0.0,0.0
Net Income - Discontinued ops,0.0,0.0,0.0,0.0,0.0,0.0,0.0,0.0,0.0,0.0
Net Income,-6515000.0,-16743000.0,-24338804.0,-20658846.0,-35151715.0,-20506776.0,-11427450.0,-4387920.0,-6091198.0,-10290752.0
Preferred Dividends,0.0,0.0,0.0,0.0,0.0,0.0,0.0,0.0,0.0,0.0
Net Income Com,-6515000.0,-16743000.0,-24338804.0,-20658846.0,-35151715.0,-20506776.0,-11427450.0,-4387920.0,-6091198.0,-10290752.0
EPS,-0.04,-0.11,-0.16,-0.14,-0.27,-0.16,0.0,-0.05,-0.07,-0.14
EPS Diluted,-0.04,-0.11,-0.16,-0.14,-0.27,-0.16,0.0,-0.05,-0.07,-0.14
Weighted Average Shs Out,157407000.0,156054094.0,154992124.0,146594079.0,130549701.0,126897247.0,0.0,0.0,83777551.0,81710148.0
Weighted Average Shs Out (Dil),157407000.0,156054094.0,154992124.0,146594079.0,130549701.0,126897247.0,0.0,0.0,83170297.0,73488507.0
Dividend per Share,0.0,0.0,0.0,0.0,0.0,0.0,0.0,0.0,0.0,0.0
Gross Margin,0.511203071404,0.496175364579,0.448187725161,0.57383940637,0.576000413559,0.553933118316,0.0,0.587010037129,0.6666,0.5019
EBITDA Margin,-0.0216666142178,-0.261120792442,-0.426410006992,-0.413309861777,-1.27950881577,-0.994354293474,0.0,-0.25935632499,-0.46,-1.135
EBIT Margin,-0.064527803128,-0.301770155003,-0.461806111541,-0.4481566031,-1.32494675335,-1.01124315542,0.0,-0.269574332813,-0.4752,-1.162
Profit Margin,-0.102511250275,-0.307126478951,-0.466063776973,-0.452468368154,-1.32639647358,-0.994581371099,0.0,-0.266605227259,-0.475,-1.238
Free Cash Flow margin,-0.285993013815,-0.445033477025,-0.384405678016,-0.741202196324,-1.16961006035,-0.859005456265,0.0,-0.138320448799,-0.479,-0.5939
EBITDA,-1377000.0,-14235000.0,-22268003.0,-18870943.0,-33909114.0,-20502094.0,-11427450.0,-4268614.0,-5902448.0,-9430909.0
EBIT,-4101000.0,-16451000.0,-24116460.0,-20461979.0,-35113295.0,-20850317.0,-11427450.0,-4436787.0,-6091198.0,-9657293.0
Consolidated Income,-6515000.0,-16743000.0,-24338804.0,-20658846.0,-35151715.0,-20506776.0,-11427450.0,-4387920.0,-6091198.0,-10290752.0
Earnings Before Tax Margin,-0.102511250275,-0.307126478951,-0.464148876894,-0.448635532359,-1.32545313662,-1.00913141111,0.0,0.0,-0.4752,-1.2382
Net Profit Margin,-0.102511250275,-0.307126478951,-0.466063776973,-0.452468368154,-1.32639647358,-0.994581371099,0.0,-0.266605227259,-0.4752,-1.2382
