Date,2018-12-31,2017-12-31,2016-12-31,2015-12-31,2014-12-31,2013-12-31,2012-12-31,2011-12-31,2010-12-31,2009-12-31
Revenue,5409000.0,7579000.0,2515000.0,19024000.0,18123000.0,1293000.0,19286000.0,164849000.0,44682000.0,20719000.0
Revenue Growth,-0.286317456128777,2.01351888667992,-0.867798570227082,0.0497158307123545,13.0162412993039,-0.93295654879187,-0.883008086187966,2.6893827492055,1.15657126309185,0.0539
Cost of Revenue,50000000.0,50000000.0,50000000.0,50000000.0,50000000.0,0.0,0.0,0.0,0.0,0.0
Gross Profit,-44591000.0,-42421000.0,-47485000.0,-30976000.0,-31877000.0,0.0,0.0,0.0,44682000.0,20719000.0
R&D Expenses,20652000.0,25179000.0,23703000.0,12875000.0,38254000.0,68468000.0,91358000.0,101735000.0,86345000.0,51792000.0
SG&A Expense,10781000.0,9138000.0,8205000.0,14217000.0,18589000.0,28712000.0,36932000.0,29167000.0,14763000.0,10120000.0
Operating Expenses,31433000.0,36390000.0,31908000.0,31450000.0,68572000.0,105197000.0,130923000.0,130902000.0,101108000.0,61912000.0
Operating Income,-25357000.0,-28811000.0,-29393000.0,-12426000.0,-50449000.0,-103904000.0,-111637000.0,33947000.0,-56426000.0,-41193000.0
Interest Expense,2191000.0,2373000.0,1949000.0,2307000.0,2388000.0,3127000.0,3501000.0,3836000.0,3389000.0,2811000.0
Earnings before Tax,-5329000.0,-64924000.0,-26786000.0,0.0,0.0,0.0,0.0,30648000.0,-58789000.0,-44193000.0
Income Tax Expense,0.0,101000.0,101000.0,0.0,0.0,0.0,0.0,0.0,0.0,-100000.0
Net Income - Non-Controlling int,0.0,0.0,0.0,0.0,0.0,0.0,0.0,0.0,0.0,0.0
Net Income - Discontinued ops,0.0,0.0,0.0,0.0,0.0,0.0,0.0,0.0,0.0,0.0
Net Income,-5329000.0,-65025000.0,-26887000.0,-15001000.0,-52739000.0,-107029000.0,-114394000.0,30648000.0,-58789000.0,-44093000.0
Preferred Dividends,0.0,0.0,0.0,0.0,0.0,0.0,0.0,0.0,0.0,0.0
Net Income Com,-5329000.0,-65025000.0,-26887000.0,-15001000.0,-52739000.0,-107029000.0,-114394000.0,30648000.0,-58789000.0,-44093000.0
EPS,-0.04,-0.61,-0.39,-0.27,-1.01,-2.1,-2.64,0.77,-2.3,-27.43
EPS Diluted,-0.19,-0.61,-0.39,-0.27,-1.01,-2.1,-2.64,0.74,-2.3,-27.43
Weighted Average Shs Out,120592000.0,105930000.0,69268000.0,55701000.0,52289000.0,50928000.0,43374000.0,39715000.0,35509967.0,
Weighted Average Shs Out (Dil),130731000.0,105930000.0,69268000.0,55701000.0,52289000.0,50928000.0,43374000.0,41473000.0,25582000.0,1607000.0
Dividend per Share,0.0,0.0,0.0,0.0,0.0,0.0,0.0,0.0,0.0,0.0
Gross Margin,-8.24385283786,-5.5971764085,-18.8807157058,-1.62825904121,-1.75892512277,0.0,0.0,0.0,1.0,1.0
EBITDA Margin,-4.68848215936,-3.81039715002,-11.6807157058,-0.152071068124,-2.45273961265,-78.2443928848,-5.78518096028,0.19290380894,-1.21,-1.935
EBIT Margin,-4.68792752819,-3.8014249901,-11.6870775348,-0.653174936922,-2.78370027037,-80.3588553751,-5.78849942964,0.205927849123,-1.2399,-1.9973
Profit Margin,-0.985209835459,-8.57962791925,-10.6906560636,-0.788530277544,-2.910059041,-82.7757153906,-5.93145286736,0.185915595484,-1.316,-2.128
Free Cash Flow margin,-4.62673322241,-2.52856577385,-12.3550695825,-0.959419680404,-3.70744357998,-68.1129156999,-5.99797780774,0.144514070452,-1.1976,-0.565
EBITDA,-25360000.0,-28879000.0,-29377000.0,-2893000.0,-44451000.0,-101170000.0,-111573000.0,31800000.0,-54050000.0,-40093000.0
EBIT,-25357000.0,-28811000.0,-29393000.0,-12426000.0,-50449000.0,-103904000.0,-111637000.0,33947000.0,-55400000.0,-41382000.0
Consolidated Income,-5329000.0,-65025000.0,-26887000.0,-15001000.0,-52739000.0,-107029000.0,-114394000.0,30648000.0,-58789000.0,-44093000.0
Earnings Before Tax Margin,-0.985209835459,-8.56630162291,-10.6504970179,0.0,0.0,0.0,0.0,0.185915595484,-1.3157,-2.133
Net Profit Margin,-0.985209835459,-8.57962791925,-10.6906560636,-0.788530277544,-2.910059041,-82.7757153906,-5.93145286736,0.185915595484,-1.3157,-2.1281
