Date,2018-12-31,2017-12-31,2016-12-31,2015-12-31,2014-12-31,2013-12-31,2012-12-31,2011-12-31,2010-12-31,2009-12-31
Revenue,413282000.0,419003000.0,511930000.0,505595000.0,530251000.0,563412000.0,635703000.0,677936000.0,678522000.0,628970000.0
Revenue Growth,-0.0136538401873018,-0.181522864454125,0.0125297916316419,-0.046498733618607,-0.0588574613249274,-0.113718198592739,-0.0622964409619787,-0.000863641856859468,0.0787827718333148,-0.2556
Cost of Revenue,174118000.0,176887000.0,179207000.0,197445000.0,204471000.0,223909000.0,249008000.0,320910000.0,327774000.0,305948000.0
Gross Profit,239164000.0,242116000.0,332723000.0,308150000.0,325780000.0,339503000.0,386695000.0,357026000.0,350748000.0,323022000.0
R&D Expenses,62379000.0,68212000.0,81564000.0,95898000.0,90390000.0,95249000.0,98879000.0,118108000.0,120229000.0,120989000.0
SG&A Expense,156503000.0,160149000.0,171809000.0,196620000.0,214230000.0,211468000.0,205547000.0,241716000.0,241523000.0,234688000.0
Operating Expenses,225480000.0,236870000.0,268708000.0,301177000.0,306081000.0,314735000.0,333518000.0,377807000.0,386916000.0,392906000.0
Operating Income,13684000.0,5246000.0,64015000.0,6973000.0,19699000.0,24768000.0,53177000.0,-20781000.0,-36168000.0,-69884000.0
Interest Expense,23474000.0,19964000.0,18903000.0,6346000.0,1771000.0,1574000.0,1548000.0,2053000.0,864000.0,906000.0
Earnings before Tax,-9403000.0,-13422000.0,45344000.0,565000.0,16916000.0,19436000.0,96940000.0,-22849000.0,-36558000.0,-70007000.0
Income Tax Expense,1271000.0,133000.0,-2875000.0,-1915000.0,2188000.0,2939000.0,4049000.0,942000.0,396000.0,-1652000.0
Net Income - Non-Controlling int,0.0,0.0,0.0,0.0,0.0,0.0,0.0,0.0,0.0,0.0
Net Income - Discontinued ops,0.0,0.0,0.0,0.0,0.0,0.0,-45804000.0,0.0,0.0,0.0
Net Income,-10674000.0,-13555000.0,48219000.0,2480000.0,14728000.0,21153000.0,92891000.0,-23791000.0,-36954000.0,-68355000.0
Preferred Dividends,0.0,0.0,0.0,0.0,0.0,0.0,0.0,0.0,0.0,0.0
Net Income Com,-10674000.0,-13555000.0,48219000.0,2480000.0,14728000.0,21153000.0,92891000.0,-23791000.0,-36954000.0,-68355000.0
EPS,-0.26,-0.33,1.2,0.06,0.38,0.54,2.39,-0.62,-0.98,-1.83
EPS Diluted,-0.0026,-0.33,1.2,0.06,0.38,0.54,2.39,-0.62,-0.98,-1.83
Weighted Average Shs Out,41662000.0,41020000.0,40021000.0,39423000.0,39147000.0,39044000.0,38925247.0,38435000.0,38136389.0,37488361.0
Weighted Average Shs Out (Dil),41662000.0,41020000.0,40176000.0,40380000.0,39267000.0,39070000.0,38804000.0,38435000.0,37895000.0,37293000.0
Dividend per Share,0.0,0.0,0.0,0.0,0.0,0.0,0.0,0.0,0.0,0.0
Gross Margin,0.578694450762,0.577838344833,0.64993846815,0.609479919699,0.614388280267,0.602583899526,0.6083,0.526636732671,0.5169,0.5136
EBITDA Margin,0.106012359599,0.0871926931311,0.193608501162,0.0592391143109,0.0714246649228,0.0848916955975,0.198,0.0169676783649,-0.003,-0.059
EBIT Margin,0.0331105637313,0.0125201967528,0.125046393062,0.0137916711993,0.0371503306924,0.0439607250112,0.1549,-0.0306533360081,-0.0526,-0.1099
Profit Margin,-0.025827401145,-0.032350603695,0.0941906119977,0.00490511179897,0.0277755251758,0.0375444612468,0.146,-0.0350932831418,-0.054,-0.109
Free Cash Flow margin,0.0142420913565,0.00252742820457,-0.117590295548,-0.0976196362701,-0.0437321193171,-0.0368646745188,0.0393,-0.0146134738382,-0.0613,-0.0511
EBITDA,43813000.0,36534000.0,99114000.0,29951000.0,37873000.0,47829000.0,125983000.0,11503000.0,-2214000.0,-36971000.0
EBIT,13684000.0,5246000.0,64015000.0,6973000.0,19699000.0,24768000.0,98488000.0,-20781000.0,-35694000.0,-69101000.0
Consolidated Income,-10674000.0,-13555000.0,48219000.0,2480000.0,14728000.0,21153000.0,92891000.0,-23791000.0,-36954000.0,-68355000.0
Earnings Before Tax Margin,-0.0227520192024,-0.0320331835333,0.0885746098099,0.00111749522839,0.0319018728866,0.0344969578213,0.1525,-0.0337037714475,-0.0539,-0.1113
Net Profit Margin,-0.025827401145,-0.032350603695,0.0941906119977,0.00490511179897,0.0277755251758,0.0375444612468,0.1461,-0.0350932831418,-0.0545,-0.1087
