Date,2019-03-31,2018-03-31,2017-03-31,2016-03-31,2015-03-31,2014-03-31,2013-03-31,2012-03-31,2011-03-31,2010-03-31
Revenue,1791790000.0,1562474000.0,1312661000.0,1195529000.0,1353228000.0,1442604000.0,1414400000.0,1545254000.0,1653176000.0,1304966000.0
Revenue Growth,0.146764682164311,0.19031036954705,0.0979750386648923,-0.116535424924699,-0.0619546320403936,0.0199406108597285,-0.0846812239282344,-0.0652816155085726,0.266834538217854,-0.0609
Cost of Revenue,1308907000.0,1243612000.0,1027906000.0,906460000.0,1024659000.0,1163770000.0,1150630000.0,1153295000.0,1195790000.0,1026765000.0
Gross Profit,482883000.0,318862000.0,284755000.0,289069000.0,328569000.0,278834000.0,263770000.0,391959000.0,457386000.0,278201000.0
R&D Expenses,30599000.0,17886000.0,16493000.0,13683000.0,11951000.0,10514000.0,7150000.0,0.0,0.0,0.0
SG&A Expense,168804000.0,140528000.0,117598000.0,119767000.0,115820000.0,119670000.0,117365000.0,116408000.0,123887000.0,108527000.0
Operating Expenses,199403000.0,158414000.0,134091000.0,133450000.0,127771000.0,130184000.0,124515000.0,116408000.0,132462000.0,107517000.0
Operating Income,319668000.0,179834000.0,163557000.0,123984000.0,212749000.0,159164000.0,-119845000.0,175551000.0,324924000.0,170684000.0
Interest Expense,0.0,0.0,0.0,513000.0,978000.0,2432000.0,2262000.0,707000.0,0.0,111000.0
Earnings before Tax,333243000.0,192313000.0,174949000.0,132152000.0,218599000.0,163357000.0,-113322000.0,179905000.0,334259000.0,176357000.0
Income Tax Expense,61430000.0,187403000.0,49164000.0,30617000.0,-7272000.0,36320000.0,-49010000.0,27100000.0,90256000.0,33499000.0
Net Income - Non-Controlling int,0.0,0.0,0.0,0.0,0.0,0.0,0.0,0.0,0.0,0.0
Net Income - Discontinued ops,0.0,0.0,0.0,0.0,0.0,0.0,0.0,0.0,0.0,0.0
Net Income,271813000.0,4910000.0,125785000.0,101535000.0,225871000.0,127037000.0,-64312000.0,152805000.0,244003000.0,142858000.0
Preferred Dividends,0.0,0.0,0.0,0.0,0.0,0.0,0.0,0.0,0.0,0.0
Net Income Com,271813000.0,4910000.0,125785000.0,101535000.0,225871000.0,127037000.0,-64312000.0,152805000.0,244003000.0,142858000.0
EPS,1.61,0.03,0.75,0.61,1.34,0.75,-0.38,0.9,1.44,0.84
EPS Diluted,1.61,0.03,0.75,0.6,1.34,0.75,-0.38,0.9,1.43,0.84
Weighted Average Shs Out,168713000.0,168262000.0,167506000.0,167797000.0,168148000.0,168473000.0,169124000.0,169886000.0,170004835.0,170244452.0
Weighted Average Shs Out (Dil),169322000.0,168925000.0,167837000.0,167961000.0,168402000.0,168658000.0,169124000.0,170134000.0,170025000.0,170247000.0
Dividend per Share,0.45886535713,0.44829362143,0.429059146672,0.419734343092,0.399347988741,0.357237723678,0.300122986684,0.259630644081,0.19,0.16
Gross Margin,0.269497541565,0.204075075809,0.216929580448,0.241791708942,0.242803873405,0.193285198156,0.186488970588,0.253653444676,0.2767,0.2132
EBITDA Margin,0.228653469436,0.153360631921,0.157119012449,0.136286949125,0.188410969918,0.14513546337,-0.0515936085973,0.143951091536,0.231,0.18
EBIT Margin,0.178407067793,0.115095675192,0.124599572929,0.103706392735,0.157215931092,0.110331040258,-0.0847320418552,0.113606565652,0.2022,0.1352
Profit Margin,0.15169913885,0.00314245229041,0.095824436012,0.0849289310422,0.166912744933,0.0880608954363,-0.0454694570136,0.0988866555272,0.148,0.109
Free Cash Flow margin,0.0576579844736,0.0607754113028,0.0980626376498,0.0989837971308,0.126357125333,-0.0675459100349,0.106822680995,0.0642101557414,0.0754,0.1361
EBITDA,409699000.0,239622000.0,206244000.0,162935000.0,254963000.0,209373000.0,-72974000.0,222441000.0,381878000.0,234641000.0
EBIT,319668000.0,179834000.0,163557000.0,123984000.0,212749000.0,159164000.0,-119845000.0,175551000.0,334259000.0,176468000.0
Consolidated Income,271813000.0,4910000.0,125785000.0,101535000.0,225871000.0,127037000.0,-64312000.0,152805000.0,244003000.0,142858000.0
Earnings Before Tax Margin,0.185983290453,0.123082368091,0.133278127407,0.11053851475,0.16153892766,0.113237589803,-0.0801201923077,0.116424225402,0.2022,0.1351
Net Profit Margin,0.15169913885,0.00314245229041,0.095824436012,0.0849289310422,0.166912744933,0.0880608954363,-0.0454694570136,0.0988866555272,0.1476,0.1095
