Date,2018-12-31,2017-12-31,2016-12-31,2015-12-31,2014-12-31,2013-12-31,2012-12-31,2011-12-31,2010-12-31,2009-12-31
Revenue,7270400000.0,6266000000.0,3948000000.0,3903100000.0,3696000000.0,3207300000.0,2930900000.0,2585000000.0,2283000000.0,1521600000.0
Revenue Growth,0.160293648260453,0.587132725430598,0.0115036765647818,0.0560335497835498,0.15237115330652,0.0943055034289809,0.133810444874275,0.132282084975909,0.500394321766562,-0.2786
Cost of Revenue,6130000000.0,5146900000.0,3221900000.0,3267700000.0,3173200000.0,2728600000.0,2531200000.0,2129900000.0,1881300000.0,1552700000.0
Gross Profit,1140400000.0,1119100000.0,726100000.0,635400000.0,522800000.0,478700000.0,399700000.0,455100000.0,401700000.0,-31100000.0
R&D Expenses,146200000.0,161500000.0,139800000.0,113900000.0,103900000.0,103400000.0,123400000.0,113600000.0,0.0,0.0
SG&A Expense,385700000.0,390100000.0,319200000.0,277300000.0,255200000.0,238400000.0,0.0,0.0,197600000.0,172700000.0
Operating Expenses,631300000.0,626900000.0,459000000.0,391200000.0,359100000.0,341800000.0,123400000.0,113600000.0,197600000.0,172700000.0
Operating Income,106400000.0,543000000.0,380700000.0,358100000.0,267600000.0,240300000.0,156400000.0,223400000.0,204100000.0,-203800000.0
Interest Expense,216300000.0,195600000.0,93400000.0,99200000.0,99900000.0,115900000.0,101600000.0,83900000.0,89000000.0,84500000.0
Earnings before Tax,-113900000.0,340000000.0,299000000.0,272700000.0,176700000.0,86300000.0,31500000.0,138100000.0,119700000.0,-296900000.0
Income Tax Expense,-57100000.0,2500000.0,58300000.0,37100000.0,33700000.0,-8200000.0,-335200000.0,1000000.0,4300000.0,-43800000.0
Net Income - Non-Controlling int,0.0,0.0,0.0,0.0,0.0,0.0,0.0,0.0,-900000.0,-200000.0
Net Income - Discontinued ops,0.0,0.0,0.0,0.0,0.0,0.0,0.0,0.0,0.0,0.0
Net Income,-57500000.0,337100000.0,240700000.0,235600000.0,143000000.0,94500000.0,367700000.0,142800000.0,115400000.0,-253100000.0
Preferred Dividends,0.0,0.0,0.0,0.0,0.0,0.0,0.0,0.0,0.0,0.0
Net Income Com,-57500000.0,337100000.0,240700000.0,235600000.0,143000000.0,94500000.0,367700000.0,142800000.0,115400000.0,-253100000.0
EPS,-0.51,3.22,3.08,3.03,1.85,1.23,4.88,1.91,1.61,-4.81
EPS Diluted,-0.51,3.21,3.06,3.02,1.85,1.23,4.87,1.89,1.55,-4.81
Weighted Average Shs Out,111600000.0,102300000.0,76400000.0,75900000.0,75700000.0,76700000.0,75300000.0,74900000.0,71382344.0,55565873.0
Weighted Average Shs Out (Dil),111600000.0,102800000.0,76900000.0,76300000.0,75900000.0,76800000.0,75400000.0,75400000.0,71382344.0,55565873.0
Dividend per Share,0.0,0.0,0.0,0.0,0.0,0.0,0.0,0.0,0.0,0.0
Gross Margin,0.156855193662,0.178598787105,0.183915906788,0.162793676821,0.14145021645,0.149253265987,0.136374492477,0.176054158607,0.176,-0.0204
EBITDA Margin,0.0873679577465,0.15504308969,0.147543059777,0.142578975686,0.126488095238,0.130109437845,0.105291889863,0.140348162476,0.149,-0.051
EBIT Margin,0.0146346830986,0.0866581551229,0.0964285714286,0.0917475852527,0.0724025974026,0.0749228322888,0.0533624483947,0.0864216634429,0.0914,-0.1396
Profit Margin,-0.00790878080986,0.0537982764124,0.0609675785208,0.0603622761395,0.0386904761905,0.0294640351698,0.125456344468,0.0552417794971,0.051,-0.166
Free Cash Flow margin,0.0339458626761,0.0270188317906,0.046757852077,0.0471676359817,0.030275974026,-0.00901069435351,-0.130710703197,-0.0848742746615,0.06,-0.0789
EBITDA,635200000.0,971500000.0,582500000.0,556500000.0,467500000.0,417300000.0,308600000.0,362800000.0,340300000.0,-77700000.0
EBIT,106400000.0,543000000.0,380700000.0,358100000.0,267600000.0,240300000.0,156400000.0,223400000.0,208700000.0,-212400000.0
Consolidated Income,-57500000.0,337100000.0,240700000.0,235600000.0,143000000.0,94500000.0,367700000.0,142800000.0,114500000.0,-253300000.0
Earnings Before Tax Margin,-0.0156662632042,0.0542610916055,0.0757345491388,0.0698675411852,0.0478084415584,0.0269073675677,0.0107475519465,0.0534235976789,0.0524,-0.1951
Net Profit Margin,-0.00790878080986,0.0537982764124,0.0609675785208,0.0603622761395,0.0386904761905,0.0294640351698,0.125456344468,0.0552417794971,0.0505,-0.1663
