Date,2018-12-31,2017-12-31,2016-12-31,2015-12-31,2014-12-31,2013-12-31,2012-12-31,2011-12-31,2010-12-31,2009-12-31
Revenue,890351000.0,796620000.0,772958000.0,819202000.0,818602000.0,708645000.0,686572000.0,0.0,527710000.0,570585000.0
Revenue Growth,0.117660867163767,0.0306122713006399,-0.0564500574949768,0.000732956919235477,0.1551651391035,0.032149577902973,0.0,-1,-0.0751421786412191,-0.0206
Cost of Revenue,0.0,0.0,0.0,0.0,0.0,0.0,603838000.0,0.0,9612000.0,19431000.0
Gross Profit,0.0,0.0,0.0,0.0,0.0,0.0,82734000.0,0.0,518098000.0,551154000.0
R&D Expenses,0.0,0.0,0.0,0.0,0.0,0.0,0.0,0.0,0.0,0.0
SG&A Expense,76025000.0,73604000.0,61872000.0,56198000.0,55773000.0,53436000.0,48370000.0,0.0,45774000.0,46016000.0
Operating Expenses,630340000.0,703006000.0,659106000.0,749895000.0,694748000.0,713054000.0,48370000.0,0.0,273592000.0,273708000.0
Operating Income,261647000.0,146305000.0,156505000.0,128243000.0,111637000.0,38943000.0,40713000.0,0.0,244506000.0,277446000.0
Interest Expense,237780000.0,244897000.0,256944000.0,243682000.0,238813000.0,244531000.0,222808000.0,0.0,178262000.0,169810000.0
Earnings before Tax,261647000.0,146305000.0,156505000.0,128243000.0,111637000.0,38943000.0,40713000.0,0.0,72412000.0,111152000.0
Income Tax Expense,5642000.0,6042000.0,12307000.0,12771000.0,13863000.0,9215000.0,7845000.0,0.0,6596000.0,8660000.0
Net Income - Non-Controlling int,0.0,0.0,0.0,0.0,0.0,0.0,0.0,0.0,0.0,0.0
Net Income - Discontinued ops,0.0,0.0,0.0,0.0,0.0,0.0,0.0,0.0,0.0,0.0
Net Income,247919000.0,147874000.0,151453000.0,121729000.0,100828000.0,29781000.0,32868000.0,0.0,65816000.0,102492000.0
Preferred Dividends,0.0,0.0,0.0,0.0,0.0,0.0,0.0,0.0,0.0,0.0
Net Income Com,247919000.0,147874000.0,151453000.0,121729000.0,100828000.0,29781000.0,32868000.0,0.0,65816000.0,102492000.0
EPS,3.18,1.88,1.92,1.5,1.25,0.4,0.46,0.0,0.83,1.29
EPS Diluted,3.17,1.87,1.92,1.5,1.25,0.4,0.46,0.0,0.83,1.29
Weighted Average Shs Out,77447263.0,78219458.0,78161494.0,80489391.0,80389349.0,73652996.0,70716963.0,0.0,79471068.0,79234663.0
Weighted Average Shs Out (Dil),77748619.0,78373441.0,78204279.0,80489391.0,80389349.0,73652996.0,70716963.0,0.0,79471068.0,79234663.0
Dividend per Share,1.14124213576,1.06455706085,0.98635267771,0.906454864344,0.826241297215,0.706800847585,0.617518034534,0.0,0.4,0.4
Gross Margin,0.0,0.0,0.0,0.0,0.0,0.0,0.120503020805,0.0,0.9818,0.9659
EBITDA Margin,0.676579236728,0.597672667018,0.634681315156,0.576863826016,0.526672302291,0.523530117337,0.489280075506,0.0,0.893,0.86
EBIT Margin,0.293869496412,0.183657201677,0.202475425573,0.156546248666,0.136375185988,0.054954173105,0.0592989518943,0.0,0.475,0.4924
Profit Margin,0.278450858145,0.185626773116,0.195939494772,0.148594607923,0.123170967088,0.0420252735855,0.047872619332,0.0,0.125,0.18
Free Cash Flow margin,0.0,0.0,0.605585297002,0.642436175693,0.560450621914,0.598377184627,-0.387359228165,0.0,-0.3497,0.0719
EBITDA,602393000.0,476118000.0,490582000.0,472568000.0,431135000.0,370997000.0,335926000.0,0.0,471150000.0,490443000.0
EBIT,261647000.0,146305000.0,156505000.0,128243000.0,111637000.0,38943000.0,40713000.0,0.0,250674000.0,280962000.0
Consolidated Income,247919000.0,147874000.0,151453000.0,121729000.0,100828000.0,29781000.0,32868000.0,0.0,65816000.0,102492000.0
Earnings Before Tax Margin,0.293869496412,0.183657201677,0.202475425573,0.156546248666,0.136375185988,0.054954173105,0.0592989518943,0.0,0.1372,0.1948
Net Profit Margin,0.278450858145,0.185626773116,0.195939494772,0.148594607923,0.123170967088,0.0420252735855,0.047872619332,0.0,0.1247,0.1796
