Date,2018-12-31,2017-12-31,2016-12-31,2015-12-31,2014-12-31,2013-12-31,2012-12-31,2011-12-31,2010-12-31,2009-12-31
Revenue,5604000.0,140000.0,18000.0,5100000.0,5300000.0,20956000.0,0.0,0.0,26078000.0,13207000.0
Revenue Growth,39.0285714285714,6.77777777777778,-0.996470588235294,-0.0377358490566038,-0.747089139148692,0.0,0.0,-1,0.974558946013478,0.1454
Cost of Revenue,28928000.0,56471000.0,67943000.0,28469000.0,20339000.0,20956000.0,0.0,0.0,0.0,0.0
Gross Profit,-23324000.0,-56331000.0,-67925000.0,-23369000.0,-15039000.0,0.0,0.0,0.0,26078000.0,13207000.0
R&D Expenses,0.0,0.0,0.0,0.0,0.0,0.0,0.0,0.0,0.0,0.0
SG&A Expense,109974000.0,129153000.0,257918000.0,213114000.0,162879000.0,110687000.0,41891000.0,13914000.0,14111000.0,11631000.0
Operating Expenses,112974000.0,133053000.0,262769000.0,218950000.0,166958000.0,113338000.0,42587000.0,13914000.0,21890000.0,15563000.0
Operating Income,46991000.0,26893000.0,149406000.0,104266000.0,25777000.0,7339000.0,6111000.0,-3024000.0,4188000.0,-2356000.0
Interest Expense,136720000.0,85000000.0,59499000.0,42621000.0,32862000.0,23282000.0,8479000.0,6037000.0,0.0,0.0
Earnings before Tax,46991000.0,26893000.0,149406000.0,104266000.0,25777000.0,7339000.0,6111000.0,-3024000.0,3861000.0,-2694000.0
Income Tax Expense,4844000.0,-26581000.0,33990000.0,42194000.0,-4541000.0,7260000.0,115000.0,-296000.0,1036000.0,-1695000.0
Net Income - Non-Controlling int,0.0,0.0,0.0,0.0,0.0,0.0,0.0,0.0,0.0,0.0
Net Income - Discontinued ops,0.0,0.0,0.0,0.0,0.0,0.0,0.0,0.0,0.0,0.0
Net Income,45472000.0,57709000.0,115416000.0,62072000.0,30318000.0,79000.0,5996000.0,-2728000.0,2825000.0,-999000.0
Preferred Dividends,19504000.0,20451000.0,19914000.0,9823000.0,3640000.0,2185000.0,1359000.0,534000.0,960000.0,1003000.0
Net Income Com,45472000.0,57709000.0,115416000.0,62072000.0,30318000.0,79000.0,5996000.0,-2728000.0,1865000.0,-2002000.0
EPS,0.45,0.72,1.97,1.36,0.91,-0.14,0.4,-0.31,0.37,-0.48
EPS Diluted,0.45,0.71,1.94,1.34,0.91,-0.14,0.4,-0.31,0.37,-0.48
Weighted Average Shs Out,50623222.0,50254595.0,46828463.0,37046594.0,28044441.0,15286834000.0,11703331000.0,0.0,4243884.0,4248135.0
Weighted Average Shs Out (Dil),50851594.0,50819790.0,47638105.0,37598509.0,28248223.0,15286834000.0,11712507000.0,0.0,4243884.0,4248135.0
Dividend per Share,0.643539315601,0.505846246118,0.458540489803,0.4509487331,0.377687474359,0.000440640619241,0.000397438396408,0.0,0.25,0.25
Gross Margin,-4.16202712348,-402.364285714,-3773.61111111,-4.58215686275,-2.83754716981,0.0,0.0,0.0,1.0,1.0
EBITDA Margin,10.8004996431,362.178571429,11235.2777778,29.277254902,13.4728301887,0.0,0.0,0.0,0.163,-0.17
EBIT Margin,8.38526052819,192.092857143,8300.33333333,20.4443137255,4.86358490566,0.0,0.0,0.0,0.1481,-0.204
Profit Margin,8.1142041399,412.207142857,6412.0,12.1709803922,5.72037735849,0.0,0.0,0.0,0.072,-0.152
Free Cash Flow margin,20.3429693076,3912.05714286,-1722.55555556,-25.1964705882,-120.599811321,-23.4039893109,0.0,0.0,0.7991,0.5073
EBITDA,60526000.0,50705000.0,202235000.0,149314000.0,71406000.0,-5646000.0,8656000.0,-2041000.0,4251000.0,-2248000.0
EBIT,46991000.0,26893000.0,149406000.0,104266000.0,25777000.0,7339000.0,6111000.0,-3024000.0,3861000.0,-2694000.0
Consolidated Income,45472000.0,57709000.0,115416000.0,62072000.0,30318000.0,79000.0,5996000.0,-2728000.0,2825000.0,-999000.0
Earnings Before Tax Margin,8.38526052819,192.092857143,8300.33333333,20.4443137255,4.86358490566,0.0,0.0,0.0,0.1481,-0.204
Net Profit Margin,8.1142041399,412.207142857,6412.0,12.1709803922,5.72037735849,0.0,0.0,0.0,0.1083,-0.0756
