Date,2018-12-31,2017-12-31,2016-12-31,2015-12-31,2014-12-31,2013-12-31,2012-12-31,2011-12-31,2010-12-31,2009-12-31
Revenue,11127000000.0,10561000000.0,10163000000.0,9968000000.0,16671000000.0,15259000000.0,13936000000.0,13893000000.0,12843000000.0,12562000000.0
Revenue Growth,0.0535934097149891,0.0391616648627374,0.0195626003210273,-0.402075460380301,0.0925355527885183,0.0949339839265212,0.00309508385517887,0.0817565989254847,0.0223690495144085,0.0173
Cost of Revenue,6346000000.0,6099000000.0,6053000000.0,5822000000.0,8514000000.0,7664000000.0,6802000000.0,6847000000.0,6885000000.0,6037000000.0
Gross Profit,4781000000.0,4462000000.0,4110000000.0,4146000000.0,8157000000.0,7595000000.0,7134000000.0,7046000000.0,5958000000.0,6525000000.0
R&D Expenses,655000000.0,617000000.0,647000000.0,603000000.0,1421000000.0,1246000000.0,1081000000.0,946000000.0,915000000.0,917000000.0
SG&A Expense,2617000000.0,2587000000.0,2739000000.0,3094000000.0,4029000000.0,3681000000.0,3283000000.0,3154000000.0,2907000000.0,2731000000.0
Operating Expenses,3272000000.0,3204000000.0,3386000000.0,3697000000.0,5450000000.0,4927000000.0,4364000000.0,4100000000.0,3822000000.0,3648000000.0
Operating Income,1599000000.0,1258000000.0,724000000.0,449000000.0,2497000000.0,2012000000.0,2770000000.0,2809000000.0,1890000000.0,2877000000.0
Interest Expense,93000000.0,85000000.0,89000000.0,146000000.0,167000000.0,155000000.0,87000000.0,0.0,115000000.0,98000000.0
Earnings before Tax,1693000000.0,1217000000.0,4954000000.0,428000000.0,823000000.0,2846000000.0,2881000000.0,2809000000.0,1890000000.0,2724000000.0
Income Tax Expense,63000000.0,493000000.0,-12000000.0,35000000.0,493000000.0,537000000.0,555000000.0,553000000.0,463000000.0,519000000.0
Net Income - Non-Controlling int,0.0,0.0,0.0,0.0,0.0,0.0,0.0,0.0,0.0,10000000.0
Net Income - Discontinued ops,0.0,0.0,0.0,0.0,0.0,0.0,-43000000.0,0.0,0.0,0.0
Net Income,1624000000.0,717000000.0,4965000000.0,968000000.0,2497000000.0,2012000000.0,2326000000.0,2224000000.0,1420000000.0,2205000000.0
Preferred Dividends,0.0,0.0,0.0,0.0,0.0,0.0,0.0,0.0,0.0,0.0
Net Income Com,1624000000.0,717000000.0,4965000000.0,968000000.0,2497000000.0,2012000000.0,2326000000.0,2224000000.0,1420000000.0,2205000000.0
EPS,3.04,1.32,9.09,1.78,4.61,3.7,4.22,0.0,2.41,3.63
EPS Diluted,2.97,1.29,9.01,1.76,4.56,3.66,4.18,0.0,2.39,3.59
Weighted Average Shs Out,534000000.0,543000000.0,546000000.0,545000000.0,542000000.0,543000000.0,549377920.0,569000000.0,590000000.0,602861798.0
Weighted Average Shs Out (Dil),546000000.0,555000000.0,551000000.0,549000000.0,547000000.0,549000000.0,551000000.0,573000000.0,594000000.0,607000000.0
Dividend per Share,0.688644688645,0.567567567568,0.486388384755,1.65755919854,2.00182815356,1.86338797814,1.57,1.23734729494,1.15824915825,1.07
Gross Margin,0.429675563944,0.42249786952,0.404408147201,0.415930979133,0.489292783876,0.497739039256,0.5119,0.507161880083,0.463910301331,0.5194
EBITDA Margin,0.214253617327,0.191175078118,0.149955721736,0.121187800963,0.210065383,0.185791991612,0.264,0.250413877492,0.200498325936,0.275
EBIT Margin,0.143704502561,0.119117507812,0.0712388074387,0.045044141252,0.149781056925,0.131856609214,0.213,0.202188152307,0.147161878066,0.2246
Profit Margin,0.145951289656,0.0678912981725,0.488536849356,0.0971107544141,0.149781056925,0.131856609214,0.167,0.160080616138,0.110566067118,0.176
Free Cash Flow margin,0.127168149546,0.113909667645,0.0920003935846,0.0738362760835,0.0789994601404,0.109640212334,0.1396,0.133664435327,0.158841392198,0.1509
EBITDA,2384000000.0,2019000000.0,1524000000.0,1208000000.0,3502000000.0,2835000000.0,3680000000.0,3479000000.0,2575000000.0,3460000000.0
EBIT,1599000000.0,1258000000.0,724000000.0,449000000.0,2497000000.0,2012000000.0,2968000000.0,2809000000.0,1890000000.0,2822000000.0
Consolidated Income,1624000000.0,717000000.0,4965000000.0,968000000.0,2497000000.0,2012000000.0,2326000000.0,2224000000.0,1420000000.0,2215000000.0
Earnings Before Tax Margin,0.152152422036,0.115235299688,0.487454491784,0.042937399679,0.0493671645372,0.186512877646,0.2067,0.202188152307,0.147161878066,0.2168
Net Profit Margin,0.145951289656,0.0678912981725,0.488536849356,0.0971107544141,0.149781056925,0.131856609214,0.1669,0.160080616138,0.110566067118,0.1755
