Date,2018-12-31,2017-12-31,2016-12-31,2015-12-31,2014-12-31,2013-12-31,2012-12-31,2011-12-31,2010-12-31,2009-12-31
Revenue,560456000.0,509557000.0,455911000.0,117708000.0,580720000.0,573980000.0,406919000.0,228813000.0,214343000.0,207646000.0
Revenue Growth,0.0998887268745204,0.117667702687586,2.87323716314949,-0.797306791569087,0.0117425694275062,0.410550994178203,0.778391087918956,0.0675086193624238,0.0322520058175934,0.3249
Cost of Revenue,263719000.0,246072000.0,223176000.0,13713000.0,320497000.0,340460000.0,267451000.0,154962000.0,138995000.0,136623000.0
Gross Profit,296737000.0,263485000.0,232735000.0,103995000.0,260223000.0,233520000.0,139468000.0,73851000.0,75348000.0,71023000.0
R&D Expenses,19332000.0,19614000.0,17780000.0,5107000.0,20670000.0,11682000.0,9969000.0,7158000.0,8471000.0,9129000.0
SG&A Expense,171485000.0,155466000.0,136756000.0,89417000.0,157244000.0,128529000.0,71556000.0,43052000.0,60988000.0,48995000.0
Operating Expenses,492779000.0,461520000.0,418794000.0,122515000.0,589161000.0,499531000.0,93144000.0,50210000.0,69459000.0,58124000.0
Operating Income,67677000.0,48037000.0,37117000.0,-4807000.0,-8441000.0,74449000.0,37528000.0,20233000.0,5889000.0,12899000.0
Interest Expense,15610000.0,21211000.0,32424000.0,9044000.0,11202000.0,9463000.0,3522000.0,0.0,0.0,0.0
Earnings before Tax,51880000.0,3486000.0,-2664000.0,-17349000.0,-23207000.0,44826000.0,37528000.0,20233000.0,13405000.0,7584000.0
Income Tax Expense,311000.0,-25890000.0,-1285000.0,-4623000.0,12340000.0,20427000.0,15002000.0,-11288000.0,8725000.0,181000.0
Net Income - Non-Controlling int,0.0,0.0,0.0,0.0,0.0,0.0,0.0,0.0,0.0,0.0
Net Income - Discontinued ops,0.0,0.0,0.0,0.0,0.0,0.0,0.0,0.0,4593000.0,0.0
Net Income,50634000.0,27039000.0,-65158000.0,-40074000.0,-35547000.0,24399000.0,22526000.0,21594000.0,4680000.0,7403000.0
Preferred Dividends,0.0,0.0,0.0,0.0,0.0,0.0,0.0,0.0,0.0,0.0
Net Income Com,50634000.0,27039000.0,-65158000.0,-40074000.0,-35547000.0,24399000.0,22526000.0,21594000.0,4680000.0,7403000.0
EPS,0.94,0.61,-1.57,-0.98,-0.86,0.59,0.56,0.57,0.13,0.21
EPS Diluted,0.9,0.57,-1.57,-0.98,-0.86,0.56,0.54,0.56,0.13,0.21
Weighted Average Shs Out,47394000.0,44370000.0,41494000.0,40959000.0,41396000.0,41201000.0,40279000.0,37954000.0,36135527.0,35377521.0
Weighted Average Shs Out (Dil),49381000.0,47211000.0,41494000.0,40959000.0,41396000.0,43480000.0,41672000.0,38621000.0,35886000.0,34983000.0
Dividend per Share,0.0,0.0,0.0,0.0,0.0,0.0,0.0,0.0,0.0,0.0
Gross Margin,0.529456371241,0.517086410353,0.510483405752,0.883499847079,0.448104077697,0.406843444022,0.342741430113,0.322757011184,0.3515,0.342
EBITDA Margin,0.1884126497,0.175057942487,0.180212804692,0.180047235532,0.0504477200716,0.180586431583,0.147080868674,0.120622517077,0.136,0.071
EBIT Margin,0.120753457899,0.0942720833979,0.0814128196073,-0.0408383457369,-0.0145354043257,0.129706609986,0.0922247425163,0.088425919856,0.0625,0.0365
Profit Margin,0.0903442910773,0.0530637396798,-0.142918245008,-0.34045264553,-0.0612119437939,0.0425084497718,0.055357454432,0.0943740084698,0.022,0.036
Free Cash Flow margin,0.174705953723,0.133070490642,0.147842451707,0.125981241717,0.0869971759195,0.157338234782,0.110771431169,0.0987006857128,0.2193,0.1327
EBITDA,105597000.0,89202000.0,82161000.0,21193000.0,29296000.0,103653000.0,59850000.0,27600000.0,29198000.0,14836000.0
EBIT,67677000.0,48037000.0,37117000.0,-4807000.0,-8441000.0,74449000.0,37528000.0,20233000.0,13405000.0,7584000.0
Consolidated Income,50634000.0,27039000.0,-65158000.0,-40074000.0,-35547000.0,24399000.0,22526000.0,21594000.0,4680000.0,7403000.0
Earnings Before Tax Margin,0.0925674807657,0.00684123660356,-0.0058432457212,-0.147390151901,-0.039962460394,0.0780967977978,0.0922247425163,0.088425919856,0.0625,0.0365
Net Profit Margin,0.0903442910773,0.0530637396798,-0.142918245008,-0.34045264553,-0.0612119437939,0.0425084497718,0.055357454432,0.0943740084698,0.0218,0.0357
