Date,2018-12-31,2017-12-31,2016-12-31,2015-12-31,2014-12-31,2013-12-31,2012-12-31,2011-12-31,2010-12-31,2009-12-31
Revenue,164833000.0,155913000.0,150266000.0,134706000.0,125017000.0,0.0,87973000.0,63563000.0,43716000.0,36187000.0
Revenue Growth,0.0572113935335732,0.0375800247560992,0.115510816147759,0.077501459801467,0.0,-1,0.384028444220694,0.453998536005124,0.208058142426838,
Cost of Revenue,66624000.0,64618000.0,55847000.0,46477000.0,43733000.0,0.0,27384000.0,20222000.0,15125000.0,10449000.0
Gross Profit,98209000.0,91295000.0,94419000.0,88229000.0,81284000.0,0.0,60589000.0,43341000.0,28591000.0,25738000.0
R&D Expenses,31716000.0,31850000.0,30171000.0,29302000.0,28252000.0,0.0,18725000.0,15267000.0,12257000.0,8927000.0
SG&A Expense,78878000.0,22539000.0,20126000.0,20817000.0,65150000.0,0.0,18340000.0,44204000.0,33741000.0,19914000.0
Operating Expenses,111310000.0,110991000.0,103397000.0,95160000.0,96477000.0,0.0,76036000.0,59471000.0,45998000.0,28841000.0
Operating Income,-13101000.0,-19696000.0,-8978000.0,-6931000.0,-15193000.0,0.0,-15447000.0,-16130000.0,-17407000.0,-3103000.0
Interest Expense,0.0,26000.0,63000.0,96000.0,96000.0,0.0,241000.0,358000.0,0.0,0.0
Earnings before Tax,-13427000.0,-19149000.0,-9576000.0,-7189000.0,-16633000.0,0.0,-15941000.0,-17545000.0,-17445000.0,-2290000.0
Income Tax Expense,601000.0,370000.0,410000.0,391000.0,260000.0,0.0,-3489000.0,90000.0,56000.0,55000.0
Net Income - Non-Controlling int,0.0,0.0,0.0,0.0,0.0,0.0,0.0,361000.0,-280000.0,-478000.0
Net Income - Discontinued ops,0.0,0.0,0.0,0.0,0.0,0.0,0.0,0.0,0.0,0.0
Net Income,-14028000.0,-19519000.0,-9986000.0,-7580000.0,-16893000.0,0.0,-13186000.0,-17635000.0,-17501000.0,-2345000.0
Preferred Dividends,0.0,0.0,0.0,0.0,0.0,0.0,0.0,5639000.0,5470000.0,4918000.0
Net Income Com,-14028000.0,-19519000.0,-9986000.0,-7580000.0,-16893000.0,0.0,-13186000.0,-23274000.0,-22971000.0,-7263000.0
EPS,-0.39,-0.57,-0.3,-0.23,-0.53,0.0,0.0,-4.75,-4.98,-1.7
EPS Diluted,-0.39,-0.57,-0.3,-0.23,-0.53,0.0,0.0,-4.75,-4.98,-1.7
Weighted Average Shs Out,35808000.0,34376000.0,33189.0,32598000.0,32272718.0,0.0,24626000.0,,,
Weighted Average Shs Out (Dil),35808000.0,34376000.0,33189.0,32598000.0,31949000.0,0.0,24626000.0,4900000.0,4612000.0,4276000.0
Dividend per Share,0.0,0.0,0.0,0.0,0.0,0.0,0.0,0.0,0.0,0.0
Gross Margin,0.595809091626,0.585550916216,0.628345733566,0.65497453714,0.6502,0.0,0.688722676276,0.6819,0.654,0.7112
EBITDA Margin,-0.0382508356943,-0.0797816731126,-0.00786605086979,0.0130357964753,-0.064,0.0,-0.12204881043,-0.223,-0.349,-0.014
EBIT Margin,-0.0794804438432,-0.126326861775,-0.0597473813105,-0.051452793491,-0.1323,0.0,-0.175587964489,-0.2704,-0.3991,-0.0633
Profit Margin,-0.0851043177034,-0.125191613272,-0.0664554856055,-0.0562706932134,-0.135,0.0,-0.149886897116,-0.366,-0.525,-0.201
Free Cash Flow margin,0.00613954729939,-0.0483795450027,0.0650180346852,0.057094709961,-0.0245,0.0,-0.0853443670217,-0.1828,-0.3274,-0.0447
EBITDA,-6305000.0,-12439000.0,-1182000.0,1756000.0,-7950000.0,0.0,-10737000.0,-14195000.0,-15246000.0,-512000.0
EBIT,-13101000.0,-19696000.0,-8978000.0,-6931000.0,-16537000.0,0.0,-15447000.0,-17187000.0,-17445000.0,-2290000.0
Consolidated Income,-14028000.0,-19519000.0,-9986000.0,-7580000.0,-16893000.0,0.0,-13186000.0,-17274000.0,-17781000.0,-2823000.0
Earnings Before Tax Margin,-0.0814582031511,-0.12281849493,-0.063726990803,-0.0533680756611,-0.133,0.0,-0.181203323747,-0.276,-0.3991,-0.0633
Net Profit Margin,-0.0851043177034,-0.125191613272,-0.0664554856055,-0.0562706932134,-0.1351,0.0,-0.149886897116,-0.2774,-0.4003,-0.0648
