Date,2018-12-31,2017-12-31,2016-12-31,2015-12-31,2014-12-31,2013-12-31,2012-12-31,2011-12-31,2010-12-31,2009-12-31
Revenue,20653000.0,25186000.0,26353000.0,48257000.0,13608000.0,17331000.0,26293000.0,0.0,62381000.0,74590000.0
Revenue Growth,-0.17998094179306,-0.0442833832960194,-0.453903060695858,2.5462228101117,-0.214817379262593,-0.340851177119385,0.0,-1,-0.163681458640568,0.3187
Cost of Revenue,0.0,1142000.0,2297000.0,1368000.0,1000.0,0.0,1759000.0,0.0,86000.0,4544000.0
Gross Profit,20653000.0,24044000.0,24056000.0,46889000.0,13607000.0,17331000.0,24534000.0,0.0,62295000.0,70046000.0
R&D Expenses,84888000.0,66962000.0,61008000.0,72758000.0,51796000.0,42730000.0,51464000.0,0.0,83900000.0,73661000.0
SG&A Expense,29514000.0,13933000.0,11253000.0,13047000.0,7461000.0,5220000.0,6826000.0,0.0,11718000.0,10122000.0
Operating Expenses,114873000.0,81455000.0,72663000.0,86333000.0,59257000.0,48048000.0,58422000.0,0.0,96652000.0,83783000.0
Operating Income,-94220000.0,-57411000.0,-48607000.0,-39444000.0,-45771000.0,-30717000.0,-39081000.0,0.0,-34357000.0,-13737000.0
Interest Expense,9176000.0,8565000.0,6487000.0,5200000.0,4998000.0,4778000.0,0.0,0.0,0.0,0.0
Earnings before Tax,0.0,0.0,0.0,0.0,0.0,0.0,0.0,0.0,-33853000.0,-13451000.0
Income Tax Expense,0.0,0.0,0.0,0.0,17312000.0,0.0,0.0,0.0,0.0,0.0
Net Income - Non-Controlling int,0.0,0.0,0.0,0.0,0.0,0.0,0.0,0.0,0.0,0.0
Net Income - Discontinued ops,0.0,0.0,0.0,0.0,0.0,0.0,0.0,0.0,0.0,0.0
Net Income,-101252000.0,-65782000.0,-55144000.0,-43019000.0,-45189000.0,-30108000.0,-39081000.0,0.0,-33853000.0,-13451000.0
Preferred Dividends,0.0,0.0,0.0,0.0,0.0,0.0,0.0,0.0,0.0,0.0
Net Income Com,-101252000.0,-65782000.0,-55144000.0,-43019000.0,-45189000.0,-30108000.0,-39081000.0,0.0,-33853000.0,-13451000.0
EPS,-0.98,-0.78,-0.75,-0.59,-0.68,-0.55,-0.79,0.0,-0.76,-0.35
EPS Diluted,-0.98,-0.78,-0.75,-0.59,-0.68,-0.55,-0.79,0.0,-0.76,-0.35
Weighted Average Shs Out,103185000.0,84451000.0,73699000.0,72901000.0,66773000.0,0.0,0.0,0.0,44923403.0,38823355.0
Weighted Average Shs Out (Dil),103185000.0,84451000.0,73699000.0,72901000.0,66773000.0,0.0,0.0,0.0,44564000.0,38926000.0
Dividend per Share,0.0,0.0,0.0,0.0,0.0,0.0,0.0,0.0,0.0,0.0
Gross Margin,1.0,0.954657349321,0.912837248131,0.971651781089,0.999926513815,1.0,0.933100064656,0.0,0.9986,0.9391
EBITDA Margin,-4.47658935748,-2.2105137775,-1.78510985467,-0.804546490665,-3.31826866549,-1.72950204835,-1.44578404899,0.0,-0.506,-0.159
EBIT Margin,-4.56204909698,-2.27948066386,-1.84445793648,-0.817373645274,-3.3635361552,-1.77237320409,-1.48636519226,0.0,-0.5427,-0.1803
Profit Margin,-4.90253231976,-2.61184785198,-2.09251318635,-0.8914561618,-3.32076719577,-1.7372338584,-1.48636519226,0.0,-0.543,-0.18
Free Cash Flow margin,-4.49963685663,-1.64658937505,-2.22801958031,-0.377934807385,-2.84075543798,-1.53251399227,-1.42661544898,0.0,-0.463,-0.2255
EBITDA,-92455000.0,-55674000.0,-47043000.0,-38825000.0,-45155000.0,-29974000.0,-38014000.0,0.0,-31586000.0,-11838000.0
EBIT,-94220000.0,-57411000.0,-48607000.0,-39444000.0,-45771000.0,-30717000.0,-39081000.0,0.0,-33853000.0,-13451000.0
Consolidated Income,-101252000.0,-65782000.0,-55144000.0,-43019000.0,-45189000.0,-30108000.0,-39081000.0,0.0,-33853000.0,-13451000.0
Earnings Before Tax Margin,0.0,0.0,0.0,0.0,0.0,0.0,0.0,0.0,-0.5427,-0.1803
Net Profit Margin,-4.90253231976,-2.61184785198,-2.09251318635,-0.8914561618,-3.32076719577,-1.7372338584,-1.48636519226,0.0,-0.5427,-0.1803
