Date,2018-12-31,2017-12-31,2016-12-31,2015-12-31,2014-12-31,2013-12-31,2012-12-31,2011-12-31,2010-12-31,2009-12-31
Revenue,544345000.0,18845000.0,21363000.0,-1527000.0,4603692000.0,500847000.0,498737000.0,519985000.0,0.0,567920000.0
Revenue Growth,27.8853807375962,-0.117867340729298,-14.9901768172888,-1.00033169030422,8.19181306866169,0.00423068671464118,-0.0408627171937652,0.0,-1,-0.0224
Cost of Revenue,297307000.0,388413000.0,439641000.0,181170000.0,177330000.0,160406000.0,159296000.0,171991000.0,0.0,227160000.0
Gross Profit,247038000.0,-369568000.0,-418278000.0,364544000.0,361017000.0,340441000.0,339441000.0,347994000.0,0.0,340760000.0
R&D Expenses,0.0,0.0,0.0,0.0,0.0,0.0,0.0,0.0,0.0,0.0
SG&A Expense,27802000.0,28538000.0,26596000.0,29406000.0,26779000.0,27628000.0,25413000.0,24602000.0,0.0,20821000.0
Operating Expenses,194484000.0,28538000.0,26596000.0,568730000.0,471313000.0,446418000.0,441646000.0,476093000.0,0.0,224393000.0
Operating Income,58526000.0,103542000.0,59226000.0,33901000.0,125669000.0,115792000.0,118187000.0,105712000.0,0.0,116367000.0
Interest Expense,0.0,0.0,0.0,0.0,0.0,0.0,132939000.0,131405000.0,0.0,135740000.0
Earnings before Tax,137712000.0,121231000.0,40501000.0,-30740000.0,6024000.0,38982000.0,-30154000.0,-13232000.0,0.0,8026000.0
Income Tax Expense,423000.0,-628000.0,0.0,0.0,0.0,0.0,0.0,0.0,0.0,0.0
Net Income - Non-Controlling int,0.0,0.0,0.0,0.0,0.0,0.0,0.0,0.0,0.0,63000.0
Net Income - Discontinued ops,0.0,0.0,0.0,0.0,0.0,0.0,0.0,0.0,0.0,-4501000.0
Net Income,136324000.0,120850000.0,40191000.0,-30401000.0,6975000.0,42777000.0,6595000.0,-4499000.0,0.0,8026000.0
Preferred Dividends,0.0,2032000.0,6900000.0,6900000.0,6900000.0,6900000.0,10405000.0,7992000.0,0.0,8271000.0
Net Income Com,136324000.0,120850000.0,40191000.0,-30401000.0,6975000.0,42777000.0,6595000.0,-4499000.0,0.0,-245000.0
EPS,0.76,0.66,0.19,-0.21,0.0,0.23,-0.06,-0.1,0.0,0.0
EPS Diluted,0.76,0.65,0.19,-0.21,0.0,0.23,-0.06,-0.1,0.0,0.0
Weighted Average Shs Out,178519748.0,175484350.0,175018163.0,178162160.0,166202649.0,153140458.0,143257097.0,135444424.0,0.0,128582334.0
Weighted Average Shs Out (Dil),179641492.0,176808166.0,176010814.0,178162160.0,166202649.0,154414311.0,143257097.0,135444424.0,0.0,111898045.0
Dividend per Share,0.717312011637,0.657837263014,0.657357337146,0.64170753206,0.630140377606,0.630556840033,0.670333281987,0.661223233523,0.0,0.6
Gross Margin,0.453826158043,-19.6109312815,-19.5795534335,-238.732154551,0.078419016737,0.0,0.0,0.0,0.0,0.6
EBITDA Margin,0.427377857792,15.0613955956,11.5405139728,-162.915520629,0.0722198617979,0.0,0.0,0.0,0.0,0.624
EBIT Margin,0.107516372889,5.49440169806,2.7723634321,-22.2010478062,0.0272974386644,0.0,0.0,0.0,0.0,0.2531
Profit Margin,0.25043676345,6.41284160255,1.88133689089,19.9089718402,0.00151508832476,0.0,0.0,0.0,0.0,0.0
Free Cash Flow margin,0.41765608208,9.65863624304,8.06169545476,-127.766208251,0.0410537890024,0.366347407492,0.315362605943,0.344269546237,0.0,0.1934
EBITDA,232641000.0,283832000.0,246540000.0,248772000.0,332478000.0,314509000.0,324335000.0,331380000.0,0.0,354229000.0
EBIT,58526000.0,103542000.0,59226000.0,33901000.0,125669000.0,115792000.0,118187000.0,105712000.0,0.0,143766000.0
Consolidated Income,136324000.0,120850000.0,40191000.0,-30401000.0,6975000.0,42777000.0,6595000.0,-4499000.0,0.0,8089000.0
Earnings Before Tax Margin,0.252986616943,6.43305916689,1.89584796143,20.1309757695,0.00130851499188,0.0,0.0,0.0,0.0,0.0141
Net Profit Margin,0.25043676345,6.41284160255,1.88133689089,19.9089718402,0.00151508832476,0.0,0.0,0.0,0.0,0.0141
