Date,2018-12-31,2017-12-31,2016-12-31,2015-12-31,2014-12-31,2013-12-31,2012-12-31,2011-12-31,2010-12-31,2009-12-31
Revenue,3968000.0,0.0,0.0,0.0,0.0,0.0,0.0,0.0,46795000.0,51980000.0
Revenue Growth,0.0,0.0,0.0,0.0,0.0,0.0,0.0,-1,-0.0997499038091574,-0.0979
Cost of Revenue,0.0,0.0,0.0,0.0,0.0,0.0,0.0,0.0,0.0,0.0
Gross Profit,0.0,0.0,0.0,0.0,0.0,0.0,0.0,0.0,46795000.0,51980000.0
R&D Expenses,0.0,0.0,0.0,0.0,0.0,0.0,0.0,0.0,0.0,0.0
SG&A Expense,22987000.0,21767000.0,22755000.0,22222000.0,22874000.0,26195000.0,25751000.0,26027000.0,39325000.0,42668000.0
Operating Expenses,23171000.0,22263000.0,23278000.0,22772000.0,23452000.0,26800000.0,26384000.0,26027000.0,53849000.0,52330000.0
Operating Income,26048000.0,16194000.0,12200000.0,14100000.0,9297000.0,3298000.0,-27109000.0,-36321000.0,-7054000.0,-350000.0
Interest Expense,9217000.0,6089000.0,3970000.0,2814000.0,3046000.0,3653000.0,4447000.0,6915000.0,0.0,0.0
Earnings before Tax,26048000.0,16194000.0,12200000.0,14100000.0,9297000.0,3298000.0,-27109000.0,-36321000.0,-7054000.0,-751000.0
Income Tax Expense,6706000.0,7190000.0,4698000.0,5425000.0,-31317000.0,0.0,0.0,12375000.0,-2747000.0,-13000.0
Net Income - Non-Controlling int,0.0,0.0,0.0,0.0,0.0,0.0,0.0,0.0,0.0,0.0
Net Income - Discontinued ops,0.0,0.0,0.0,0.0,0.0,0.0,0.0,0.0,0.0,0.0
Net Income,19342000.0,9004000.0,7502000.0,8675000.0,40614000.0,3298000.0,-27109000.0,-48696000.0,-4307000.0,-738000.0
Preferred Dividends,0.0,0.0,0.0,0.0,0.0,0.0,0.0,0.0,0.0,0.0
Net Income Com,19342000.0,9004000.0,7502000.0,8675000.0,40614000.0,3298000.0,-27109000.0,-48696000.0,-4307000.0,-738000.0
EPS,1.11,0.49,0.4,0.44,2.01,0.16,-1.36,-2.46,-0.22,-0.04
EPS Diluted,1.11,0.49,0.39,0.44,2.01,0.16,-1.36,-2.46,-0.22,-0.04
Weighted Average Shs Out,17434345.0,18279899.0,18987951.0,19918003.0,20177271.0,20020838.0,19888517.0,19770023.0,21059966.0,21416377.0
Weighted Average Shs Out (Dil),17434345.0,18280336.0,19047139.0,19921519.0,20186376.0,20025321.0,19888517.0,19770023.0,19664109.0,19698074.0
Dividend per Share,0.369902052529,0.28188759769,0.216987968639,0.208066463205,0.0836207549092,0.0421466402461,0.0318274107617,0.234496439382,0.28,0.28
Gross Margin,0.0,0.0,0.0,0.0,0.0,0.0,0.0,0.0,1.0,1.0
EBITDA Margin,7.46925403226,0.0,0.0,0.0,0.0,0.0,0.0,0.0,-0.022,0.101
EBIT Margin,6.56451612903,0.0,0.0,0.0,0.0,0.0,0.0,0.0,-0.1507,-0.0144
Profit Margin,4.87449596774,0.0,0.0,0.0,0.0,0.0,0.0,0.0,-0.092,-0.014
Free Cash Flow margin,4.80745967742,0.0,0.0,0.0,0.0,0.0,0.0,0.0,0.5088,0.2148
EBITDA,29638000.0,20711000.0,16892000.0,18784000.0,14267000.0,9260000.0,-19108000.0,-29050000.0,-1017000.0,5256000.0
EBIT,26048000.0,16194000.0,12200000.0,14100000.0,9297000.0,3298000.0,-27109000.0,-36321000.0,-7054000.0,-751000.0
Consolidated Income,19342000.0,9004000.0,7502000.0,8675000.0,40614000.0,3298000.0,-27109000.0,-48696000.0,-4307000.0,-738000.0
Earnings Before Tax Margin,6.56451612903,0.0,0.0,0.0,0.0,0.0,0.0,0.0,-0.1507,-0.0144
Net Profit Margin,4.87449596774,0.0,0.0,0.0,0.0,0.0,0.0,0.0,-0.092,-0.0142
