Date,2018-12-31,2017-12-31,2016-12-31,2015-12-31,2014-12-31,2013-12-31,2012-12-31,2011-12-31,2010-12-31,2009-12-31
Revenue,23736000.0,13932000.0,0.0,0.0,0.0,0.0,0.0,0.0,36840000.0,36096000.0
Revenue Growth,0.703703703703704,0.0,0.0,0.0,0.0,0.0,0.0,-1,0.0206117021276596,0.1413
Cost of Revenue,0.0,0.0,0.0,0.0,0.0,0.0,0.0,0.0,0.0,0.0
Gross Profit,0.0,0.0,0.0,0.0,0.0,0.0,0.0,0.0,36840000.0,36096000.0
R&D Expenses,804000.0,1289000.0,0.0,0.0,0.0,0.0,0.0,0.0,0.0,0.0
SG&A Expense,40964000.0,39589000.0,19775000.0,17884000.0,16836000.0,15227000.0,14027000.0,12814000.0,15152000.0,14301000.0
Operating Expenses,42596000.0,41690000.0,19775000.0,17884000.0,16836000.0,15227000.0,14027000.0,12814000.0,22046000.0,21754000.0
Operating Income,40499000.0,42623000.0,20809000.0,21120000.0,20527000.0,18374000.0,17410000.0,15505000.0,14794000.0,14342000.0
Interest Expense,36568000.0,23914000.0,12113000.0,10390000.0,9905000.0,11663000.0,13867000.0,16518000.0,0.0,0.0
Earnings before Tax,40499000.0,42623000.0,20809000.0,21120000.0,20527000.0,18374000.0,17410000.0,15505000.0,14794000.0,14342000.0
Income Tax Expense,7562000.0,16630000.0,5876000.0,5967000.0,5914000.0,5191000.0,4944000.0,4462000.0,4132000.0,3992000.0
Net Income - Non-Controlling int,0.0,0.0,0.0,0.0,0.0,0.0,0.0,0.0,0.0,0.0
Net Income - Discontinued ops,0.0,0.0,0.0,0.0,0.0,0.0,0.0,0.0,0.0,0.0
Net Income,32937000.0,25993000.0,14933000.0,15153000.0,14613000.0,13183000.0,12466000.0,11043000.0,10662000.0,10350000.0
Preferred Dividends,0.0,0.0,0.0,0.0,0.0,0.0,0.0,0.0,653000.0,1034000.0
Net Income Com,32937000.0,25993000.0,14933000.0,15153000.0,14613000.0,13183000.0,12466000.0,11043000.0,10009000.0,9316000.0
EPS,2.13,1.71,2.47,2.53,2.47,3.35,3.2,2.86,1.178,1.418
EPS Diluted,2.12,1.7,2.45,2.5,2.45,3.34,3.18,2.85,1.16,1.387
Weighted Average Shs Out,15487686.0,15183615.0,0.0,5980245.0,5926387.0,3932051.0,3901118.0,3860474.0,8560532.0,6505162.0
Weighted Average Shs Out (Dil),15564464.0,15290000.0,0.0,6060257.0,5976264.0,3952293.0,3919769.0,3878614.0,8511482.0,6562447.0
Dividend per Share,0.782808839418,0.752452583388,0.0,0.996657402483,0.897216053374,1.24358189031,1.1646094451,1.09008011625,0.464,0.462
Gross Margin,0.0,0.0,0.0,0.0,0.0,0.0,0.0,0.0,1.0,1.0
EBITDA Margin,1.58299629255,2.75890037324,0.0,0.0,0.0,0.0,0.0,0.0,0.431,0.425
EBIT Margin,1.70622682845,3.05935974734,0.0,0.0,0.0,0.0,0.0,0.0,0.4016,0.3973
Profit Margin,1.38763902932,1.86570485214,0.0,0.0,0.0,0.0,0.0,0.0,0.272,0.258
Free Cash Flow margin,1.38730198854,2.65396210164,0.0,0.0,0.0,0.0,0.0,0.0,0.3007,0.1329
EBITDA,37574000.0,38437000.0,19037000.0,20519000.0,19472000.0,14894000.0,14605000.0,15049000.0,15875000.0,15323000.0
EBIT,40499000.0,42623000.0,20809000.0,21120000.0,20527000.0,18374000.0,17410000.0,15505000.0,14794000.0,14342000.0
Consolidated Income,32937000.0,25993000.0,14933000.0,15153000.0,14613000.0,13183000.0,12466000.0,11043000.0,10662000.0,10350000.0
Earnings Before Tax Margin,1.70622682845,3.05935974734,0.0,0.0,0.0,0.0,0.0,0.0,0.4016,0.3973
Net Profit Margin,1.38763902932,1.86570485214,0.0,0.0,0.0,0.0,0.0,0.0,0.2894,0.2867
