Date,2018-12-31,2017-12-31,2016-12-31,2015-12-31,2014-12-31,2013-12-31,2012-12-31,2011-12-31,2010-12-31,2009-12-31
Revenue,13452900000.0,12273900000.0,11448800000.0,10763800000.0,9703324000.0,6932199000.0,5516461000.0,5048634000.0,0.0,4377348000.0
Revenue Growth,0.0960574878400508,0.072068688421494,0.0636392352143295,0.109289971148031,0.399746891282261,0.256638812456029,0.0926640750745647,0.0,-1,0.0683
Cost of Revenue,2860800000.0,2740600000.0,1922400000.0,1746900000.0,1621904000.0,1285484000.0,1095020000.0,1048208000.0,0.0,382104000.0
Gross Profit,10592100000.0,9533300000.0,9526400000.0,9016900000.0,8081420000.0,5646715000.0,4421441000.0,4000426000.0,0.0,3995244000.0
R&D Expenses,2597200000.0,2253600000.0,1973300000.0,2012800000.0,1893422000.0,1444053000.0,1334919000.0,1219602000.0,0.0,1283068000.0
SG&A Expense,2106300000.0,1935500000.0,1947900000.0,2113100000.0,2232342000.0,1712051000.0,1277465000.0,1056133000.0,0.0,911034000.0
Operating Expenses,4703500000.0,4189100000.0,4376000000.0,4125900000.0,4125764000.0,3156104000.0,2612384000.0,2275735000.0,0.0,2699817000.0
Operating Income,5888600000.0,5344200000.0,5150400000.0,4891000000.0,3972414000.0,2515509000.0,1855849000.0,1724691000.0,0.0,1295427000.0
Interest Expense,200600000.0,250800000.0,260000000.0,95500000.0,29500000.0,31900000.0,36500000.0,33000000.0,0.0,0.0
Earnings before Tax,5899600000.0,5128800000.0,4933000000.0,4767300000.0,3946633000.0,1889901000.0,1855105000.0,1711214000.0,0.0,1325749000.0
Income Tax Expense,1425600000.0,2458700000.0,1237300000.0,1161600000.0,989942000.0,601014000.0,470554000.0,444528000.0,0.0,355617000.0
Net Income - Non-Controlling int,0.0,0.0,0.0,0.0,0.0,0.0,0.0,0.0,0.0,6930000.0
Net Income - Discontinued ops,0.0,0.0,0.0,0.0,0.0,0.0,0.0,0.0,0.0,0.0
Net Income,4430700000.0,2539100000.0,3702800000.0,3547000000.0,2934784000.0,1862341000.0,1380033000.0,1234428000.0,0.0,970132000.0
Preferred Dividends,0.0,0.0,0.0,0.0,0.0,0.0,0.0,500000.0,-2000000.0,0.0
Net Income Com,4430700000.0,2539100000.0,3702800000.0,3547000000.0,2934784000.0,1862341000.0,1380033000.0,1234428000.0,0.0,970132000.0
EPS,21.63,11.94,16.96,15.38,12.42,7.86,5.8,5.09,0.0,3.37
EPS Diluted,21.58,11.92,16.93,15.34,12.37,7.81,5.76,5.04,0.0,3.35
Weighted Average Shs Out,204900000.0,212600000.0,218400000.0,230700000.0,236359000.0,236919000.0,237938000.0,242395000.0,0.0,289198517.0
Weighted Average Shs Out (Dil),205300000.0,213000000.0,218800000.0,231200000.0,237176000.0,238308000.0,239740000.0,245033000.0,0.0,287356000.0
Dividend per Share,0.0,0.0,0.0,0.0,0.0,0.0,0.0,0.0,0.0,0.0
Gross Margin,0.787346966082,0.776713188147,0.832087205646,0.837706014605,0.832850680859,0.814563315335,0.801499548352,0.792377898655,0.0,0.9127
EBITDA Margin,0.513287097949,0.523484792935,0.509494444833,0.510172987235,0.480305924032,0.439578984966,0.402703291114,0.412710448014,0.0,0.401
EBIT Margin,0.437719748158,0.435411727324,0.449863741178,0.45439342983,0.409386927614,0.36287316622,0.336420215787,0.341615375565,0.0,0.3029
Profit Margin,0.329349062284,0.206869862065,0.3234225421,0.329530463219,0.302451407373,0.268650827825,0.250166365719,0.24450732614,0.0,0.222
Free Cash Flow margin,0.455626667856,0.370542370396,0.391639298442,0.28550326093,0.273552032273,0.302760639156,0.294636180696,0.301016274897,0.0,0.2077
EBITDA,6905200000.0,6425200000.0,5833100000.0,5491400000.0,4660564000.0,3047249000.0,2221497000.0,2083624000.0,0.0,1753710000.0
EBIT,5888600000.0,5344200000.0,5150400000.0,4891000000.0,3972414000.0,2515509000.0,1855849000.0,1724691000.0,0.0,1325749000.0
Consolidated Income,4430700000.0,2539100000.0,3702800000.0,3547000000.0,2934784000.0,1862341000.0,1380033000.0,1234428000.0,0.0,977062000.0
Earnings Before Tax Margin,0.438537415724,0.417862293159,0.430874851513,0.442901205894,0.406730003038,0.272626478265,0.336285346711,0.338945940625,0.0,0.3029
Net Profit Margin,0.329349062284,0.206869862065,0.3234225421,0.329530463219,0.302451407373,0.268650827825,0.250166365719,0.24450732614,0.0,0.2216
