Date,2018-12-31,2017-12-31,2016-12-31,2015-12-31,2014-12-31,2013-12-31,2012-12-31,2011-12-31,2010-12-31,2009-12-31
Revenue,2600000000.0,2400000000.0,2200000000.0,15126000000.0,15608000000.0,14903000000.0,14479000000.0,14680000000.0,13816000000.0,7322000000.0
Revenue Growth,0.0833333333333333,0.0909090909090909,-0.854555070739125,-0.0308815991799077,0.0473059115614306,0.0292837903170108,-0.0136920980926431,0.062536189924725,0.886916143130292,-0.4564
Cost of Revenue,0.0,0.0,0.0,0.0,0.0,0.0,0.0,0.0,0.0,0.0
Gross Profit,0.0,0.0,0.0,0.0,0.0,0.0,0.0,0.0,0.0,7322000000.0
R&D Expenses,0.0,0.0,0.0,0.0,0.0,0.0,0.0,0.0,0.0,0.0
SG&A Expense,6145000000.0,5972000000.0,5733000000.0,5837000000.0,5845000000.0,6019000000.0,5761000000.0,5726000000.0,5215000000.0,6804000000.0
Operating Expenses,6325000000.0,6181000000.0,5970000000.0,6098000000.0,6143000000.0,6361000000.0,6145000000.0,6154000000.0,5636000000.0,9530000000.0
Operating Income,4266000000.0,4090000000.0,3547000000.0,3158000000.0,2567000000.0,2111000000.0,2445000000.0,2516000000.0,2518000000.0,-2208000000.0
Interest Expense,2821000000.0,1074000000.0,437000000.0,300000000.0,354000000.0,343000000.0,534000000.0,604000000.0,608000000.0,0.0
Earnings before Tax,5192000000.0,4610000000.0,4725000000.0,4235000000.0,3563000000.0,3712000000.0,3302000000.0,3617000000.0,3694000000.0,-2479000000.0
Income Tax Expense,938000000.0,496000000.0,1177000000.0,1013000000.0,912000000.0,1520000000.0,779000000.0,1048000000.0,1047000000.0,-1395000000.0
Net Income - Non-Controlling int,0.0,0.0,0.0,0.0,0.0,0.0,0.0,0.0,0.0,1000000.0
Net Income - Discontinued ops,0.0,0.0,0.0,0.0,0.0,0.0,0.0,0.0,0.0,270000000.0
Net Income,4266000000.0,4090000000.0,3547000000.0,3158000000.0,2567000000.0,2111000000.0,2445000000.0,2516000000.0,2518000000.0,-1084000000.0
Preferred Dividends,169000000.0,175000000.0,122000000.0,105000000.0,73000000.0,64000000.0,18000000.0,0.0,0.0,283000000.0
Net Income Com,4266000000.0,4090000000.0,3547000000.0,3158000000.0,2567000000.0,2111000000.0,2445000000.0,2516000000.0,2518000000.0,-1367000000.0
EPS,4.06,3.74,3.16,2.73,2.17,1.75,2.04,2.03,2.06,-1.16
EPS Diluted,4.04,3.72,3.15,2.71,2.15,1.74,2.03,2.03,2.05,-1.16
Weighted Average Shs Out,1002922000.0,1034281000.0,1066286000.0,1104719000.0,1129897000.0,1150689000.0,1176485000.0,1220804000.0,1212630000.0,1204243958.0
Weighted Average Shs Out (Dil),1007141000.0,1040290000.0,1072013000.0,1112511000.0,1137480000.0,1154441000.0,1178430000.0,1223026000.0,1216214000.0,1178907000.0
Dividend per Share,1.0445409332,0.866104643897,0.725737467736,0.68313931278,0.668143615712,0.589029668905,0.528669500946,0.484862954671,0.361778437018,0.51
Gross Margin,0.0,0.0,0.0,0.0,0.0,0.0,0.0,0.0,0.0,1.0
EBITDA Margin,2.15576923077,2.31833333333,2.295,0.30510379479,0.247245002563,0.234852043213,0.254920919953,0.224250681199,0.227779386219,-0.241
EBIT Margin,1.64076923077,1.70416666667,1.61227272727,0.208779584821,0.164466940031,0.141649332349,0.168865253125,0.171389645777,0.182252460915,-0.3386
Profit Margin,1.64076923077,1.70416666667,1.61227272727,0.208779584821,0.164466940031,0.141649332349,0.168865253125,0.171389645777,0.182252460915,-0.187
Free Cash Flow margin,1.88,1.435,2.46409090909,0.233108554806,0.236609431061,-0.0839428303026,0.0674770357069,0.106880108992,0.276491024899,0.4738
EBITDA,5605000000.0,5564000000.0,5049000000.0,4615000000.0,3859000000.0,3500000000.0,3691000000.0,3292000000.0,3147000000.0,-1768000000.0
EBIT,4266000000.0,4090000000.0,3547000000.0,3158000000.0,2567000000.0,2111000000.0,2445000000.0,2516000000.0,2518000000.0,-2479000000.0
Consolidated Income,4266000000.0,4090000000.0,3547000000.0,3158000000.0,2567000000.0,2111000000.0,2445000000.0,2516000000.0,2518000000.0,-1083000000.0
Earnings Before Tax Margin,1.99692307692,1.92083333333,2.14772727273,0.279981488827,0.228280369042,0.249077366973,0.228054423648,0.246389645777,0.267371163868,-0.3386
Net Profit Margin,1.64076923077,1.70416666667,1.61227272727,0.208779584821,0.164466940031,0.141649332349,0.168865253125,0.171389645777,0.182252460915,-0.148
