Date,2018-12-31,2017-12-31,2016-12-31,2015-12-31,2014-12-31,2013-12-31,2012-12-31,2011-12-31,2010-12-31,2009-12-31
Revenue,4044542.0,6302984.0,2975756.0,5261225.0,4005856.0,1985976.0,3835893.0,3508804.0,3520408.0,2357282.0
Revenue Growth,-0.35831314183885,1.11811183443804,-0.434398642901606,0.313383456619509,1.01707170680814,-0.482265016255667,0.0932195129736514,-0.00329620884851983,0.493418267309554,-0.3025
Cost of Revenue,4164190.0,3242151.0,729683.0,1279521.0,748750.0,387028.0,571733.0,810459.0,559141.0,504235.0
Gross Profit,-119648.0,3060833.0,2246073.0,3981704.0,3257106.0,1598948.0,3264160.0,2698345.0,2961267.0,1853047.0
R&D Expenses,1415401.0,1659875.0,2008942.0,1556025.0,1626136.0,1344070.0,947371.0,1116658.0,1055980.0,927241.0
SG&A Expense,5333906.0,5676323.0,4438950.0,4121030.0,3670090.0,2776559.0,2288903.0,3036299.0,3105291.0,3382613.0
Operating Expenses,6749307.0,7336198.0,6447892.0,5677055.0,5296226.0,4120629.0,3236274.0,4152957.0,4161271.0,4309854.0
Operating Income,-6868955.0,-4275365.0,-4201819.0,-1695351.0,-2039120.0,-2521681.0,27886.0,-1454612.0,-1200004.0,-2456807.0
Interest Expense,0.0,0.0,0.0,192199.0,0.0,136484.0,24626.0,411527.0,711348.0,75903.0
Earnings before Tax,0.0,0.0,0.0,0.0,0.0,0.0,0.0,0.0,-306789.0,-2662888.0
Income Tax Expense,0.0,0.0,-12115.0,912.0,1712.0,2805.0,0.0,26500.0,0.0,0.0
Net Income - Non-Controlling int,0.0,0.0,0.0,0.0,0.0,0.0,0.0,0.0,0.0,7356437.0
Net Income - Discontinued ops,0.0,0.0,0.0,0.0,0.0,0.0,0.0,0.0,-342983.0,-7356437.0
Net Income,-6868875.0,-4275338.0,-4189704.0,-1857306.0,-1883572.0,-2582151.0,27886.0,-1897606.0,-306789.0,-2662888.0
Preferred Dividends,198033.0,769158.0,802500.0,0.0,0.0,0.0,0.0,0.0,0.0,518749.0
Net Income Com,-6868875.0,-4275338.0,-4189704.0,-1857306.0,-1883572.0,-2582151.0,27886.0,-1897606.0,-306789.0,-3181637.0
EPS,-0.73,-0.76,-0.89,-0.03,-0.03,-0.03,0.0,-0.02,-0.24,1.44
EPS Diluted,-0.73,-0.76,-0.89,-0.03,-0.03,-0.03,0.0,-0.02,-0.24,1.44
Weighted Average Shs Out,11607933.0,6638382.0,5587144.0,66032523.0,59047282.0,91791690.0,78155413.0,78155413.0,3256476.0,3042198.0
Weighted Average Shs Out (Dil),11607933.0,6638382.0,5587144.0,66032523.0,59047282.0,91791690.0,78155413.0,78155413.0,3245879.0,3023066.0
Dividend per Share,0.0,0.0,0.0957734398827,0.0,0.0,0.0,0.0,0.00160205154312,0.0,0.0
Gross Margin,-0.0295825831454,0.485616495298,0.754790715368,0.756801695423,0.813086141888,0.805119497919,0.850951786194,0.769021296145,0.8412,0.7861
EBITDA Margin,-1.26895307305,-0.428190679208,-1.38371089565,-0.293952454039,-0.495606432183,-1.19079938529,0.0176642049192,-0.314622304352,0.121,-1.085
EBIT Margin,-1.69832702936,-0.678308083917,-1.41201731594,-0.322235030815,-0.509034773092,-1.26974394454,0.00726975439617,-0.414560630916,0.1149,-1.0974
Profit Margin,-1.69830724962,-0.678303800232,-1.4079460816,-0.353017785782,-0.470204620436,-1.30019244946,0.00726975439617,-0.540812766971,-0.087,-1.35
Free Cash Flow margin,-0.411798171462,-0.417504153588,-1.51215523047,-2.95814225774,-0.629468458177,-1.4165951653,0.0170891106712,-0.165103265956,-0.0917,-0.7201
EBITDA,-5132334.0,-2698879.0,-4117586.0,-1546550.0,-1985328.0,-2364899.0,67758.0,-1103948.0,425574.0,-2557771.0
EBIT,-6868955.0,-4275365.0,-4201819.0,-1695351.0,-2039120.0,-2521681.0,27886.0,-1454612.0,404559.0,-2586985.0
Consolidated Income,-6868875.0,-4275338.0,-4189704.0,-1857306.0,-1883572.0,-2582151.0,27886.0,-1897606.0,-306789.0,4693549.0
Earnings Before Tax Margin,0.0,0.0,0.0,0.0,0.0,0.0,0.0,0.0,-0.0871,-1.1296
Net Profit Margin,-1.69830724962,-0.678303800232,-1.4079460816,-0.353017785782,-0.470204620436,-1.30019244946,0.00726975439617,-0.540812766971,-0.0871,-1.1296
