Date,2018-12-31,2017-12-31,2016-12-31,2015-12-31,2014-12-31,2013-12-31,2012-12-31,2011-12-31,2010-12-31,2009-12-31
Revenue,4108275000.0,2014980000.0,1594240000.0,2028323000.0,5348532000.0,3966247000.0,4357242000.0,4759610000.0,0.0,1770372000.0
Revenue Growth,1.03886639073341,0.263912585307106,-0.214010786250513,-0.620770147771389,0.348512082076583,-0.089734515549056,-0.0845380188712941,0.0,-1,-0.0666
Cost of Revenue,2762725000.0,2003398000.0,1598885000.0,2015792000.0,5336760000.0,3961119000.0,3436211000.0,4021112000.0,0.0,1378945000.0
Gross Profit,1345550000.0,11582000.0,-4645000.0,12531000.0,11772000.0,5128000.0,921031000.0,738498000.0,0.0,391427000.0
R&D Expenses,0.0,0.0,0.0,0.0,0.0,0.0,0.0,0.0,0.0,0.0
SG&A Expense,82393000.0,90975000.0,86098000.0,88828000.0,79200000.0,70444000.0,69836000.0,64122000.0,0.0,41147000.0
Operating Expenses,928519000.0,960843000.0,916149000.0,833526000.0,788140000.0,614941000.0,581823000.0,549624000.0,0.0,187627000.0
Operating Income,417031000.0,683904000.0,733342000.0,604116000.0,495347000.0,478041000.0,339208000.0,188874000.0,0.0,203800000.0
Interest Expense,0.0,0.0,0.0,0.0,0.0,0.0,0.0,0.0,0.0,75147000.0
Earnings before Tax,-48175000.0,494537000.0,550135000.0,439265000.0,334949000.0,352659000.0,229876000.0,8182000.0,0.0,49594000.0
Income Tax Expense,3740000.0,872000.0,1460000.0,874000.0,451000.0,1060000.0,-675000.0,-192000.0,0.0,0.0
Net Income - Non-Controlling int,0.0,0.0,0.0,0.0,0.0,0.0,0.0,0.0,0.0,92043000.0
Net Income - Discontinued ops,0.0,0.0,0.0,0.0,0.0,0.0,0.0,0.0,0.0,0.0
Net Income,-59038000.0,478802000.0,535608000.0,437223000.0,261218000.0,215500000.0,226417000.0,108501000.0,0.0,49594000.0
Preferred Dividends,0.0,0.0,0.0,0.0,0.0,0.0,0.0,0.0,0.0,0.0
Net Income Com,-59038000.0,478802000.0,535608000.0,437223000.0,261218000.0,215500000.0,226417000.0,108501000.0,0.0,49594000.0
EPS,-0.41,3.32,4.03,3.41,2.78,3.23,0.0,0.0,0.0,2.49
EPS Diluted,-0.41,3.32,4.03,3.41,2.78,3.23,0.0,0.0,0.0,2.49
Weighted Average Shs Out,152355000.0,142501000.0,132242000.0,128084000.0,119323000.0,107202000.0,97309000.0,90423000.0,0.0,51409146.0
Weighted Average Shs Out (Dil),152355000.0,142501000.0,132242000.0,128084000.0,119323000.0,107202000.0,97309000.0,90423000.0,0.0,51409146.0
Dividend per Share,0.106934462276,0.27529631371,0.119099832126,0.10908466319,0.0552533878632,0.073226245779,0.110030932391,0.0981166296186,0.0,3.625
Gross Margin,0.327521891792,0.00574794787045,-0.00291361401044,0.00617801010983,0.00220097776362,0.00129290989694,0.211379354188,0.155159351291,0.0,0.2211
EBITDA Margin,0.170884617023,0.481567558983,0.626598253713,0.401475997659,0.12727211878,0.156873991963,0.108930832853,0.063208119993,0.0,0.101
EBIT Margin,0.101510001156,0.339409820445,0.459994731032,0.297840136901,0.0926136367886,0.1205272894,0.0778492450041,0.0396826630753,0.0,0.0705
Profit Margin,-0.0143705083034,0.237621217084,0.3359644721,0.215558863159,0.0488391955026,0.0543334794832,0.0519633749973,0.0227961954866,0.0,0.028
Free Cash Flow margin,0.0730764128497,0.225841943841,0.145273609996,0.0570283924207,0.0238370079865,0.00606341460832,0.0253137190911,0.0207092597923,0.0,-0.0216
EBITDA,702041000.0,970349000.0,998948000.0,814323000.0,680719000.0,622201000.0,474638000.0,300846000.0,0.0,179440000.0
EBIT,417031000.0,683904000.0,733342000.0,604116000.0,495347000.0,478041000.0,339208000.0,188874000.0,0.0,124741000.0
Consolidated Income,-59038000.0,478802000.0,535608000.0,437223000.0,261218000.0,215500000.0,226417000.0,108501000.0,0.0,141637000.0
Earnings Before Tax Margin,-0.0117263328283,0.245430227595,0.345076650943,0.216565606168,0.0626244734069,0.0889150373136,0.0527572257864,0.00171904840943,0.0,0.028
Net Profit Margin,-0.0143705083034,0.237621217084,0.3359644721,0.215558863159,0.0488391955026,0.0543334794832,0.0519633749973,0.0227961954866,0.0,0.028
