Date,2018-12-31,2017-12-31,2016-12-31,2015-12-31,2014-12-31,2013-12-31,2012-12-31,2011-12-31,2010-12-31,2009-12-31
Revenue,9823000000.0,9048000000.0,8386000000.0,7477000000.0,7380000000.0,7143000000.0,7249000000.0,7622000000.0,0.0,8188000000.0
Revenue Growth,0.0856542882404951,0.0789410922966849,0.121572823324863,0.0131436314363144,0.0331793364132717,-0.014622706580218,-0.0489372868013645,0.0,-1,0.0171
Cost of Revenue,2813000000.0,2593000000.0,2424000000.0,2173000000.0,2210000000.0,2174000000.0,2349000000.0,2659000000.0,0.0,2576000000.0
Gross Profit,7011000000.0,6455000000.0,5962000000.0,5304000000.0,5170000000.0,4969000000.0,4900000000.0,4963000000.0,0.0,5612000000.0
R&D Expenses,1113000000.0,997000000.0,920000000.0,876000000.0,817000000.0,861000000.0,886000000.0,895000000.0,0.0,1035000000.0
SG&A Expense,3569000000.0,3294000000.0,3099000000.0,2873000000.0,2902000000.0,2674000000.0,2535000000.0,2487000000.0,0.0,2635000000.0
Operating Expenses,5504000000.0,5170000000.0,5515000000.0,5631000000.0,5471000000.0,4849000000.0,8768000000.0,4059000000.0,0.0,6506000000.0
Operating Income,1506000000.0,1285000000.0,447000000.0,-327000000.0,-301000000.0,120000000.0,-3868000000.0,904000000.0,0.0,-894000000.0
Interest Expense,241000000.0,229000000.0,233000000.0,284000000.0,216000000.0,324000000.0,261000000.0,281000000.0,0.0,407000000.0
Earnings before Tax,1422000000.0,933000000.0,177000000.0,-650000000.0,-509000000.0,-223000000.0,-4107000000.0,642000000.0,0.0,-1308000000.0
Income Tax Expense,-249000000.0,828000000.0,-170000000.0,-411000000.0,-390000000.0,-102000000.0,-39000000.0,201000000.0,0.0,-283000000.0
Net Income - Non-Controlling int,0.0,0.0,0.0,0.0,0.0,0.0,0.0,0.0,0.0,0.0
Net Income - Discontinued ops,0.0,0.0,0.0,0.0,0.0,0.0,0.0,0.0,0.0,0.0
Net Income,1671000000.0,104000000.0,347000000.0,-239000000.0,-119000000.0,-121000000.0,-4068000000.0,441000000.0,0.0,-1025000000.0
Preferred Dividends,0.0,0.0,0.0,0.0,0.0,0.0,0.0,0.0,0.0,0.0
Net Income Com,1671000000.0,104000000.0,347000000.0,-239000000.0,-119000000.0,-121000000.0,-4068000000.0,441000000.0,0.0,-1025000000.0
EPS,1.21,0.08,0.26,-0.18,-0.09,-0.09,-2.89,0.29,0.0,-0.68
EPS Diluted,1.19,0.08,0.25,-0.18,-0.09,-0.09,-2.89,0.29,0.0,-0.68
Weighted Average Shs Out,1381000000.0,1370100000.0,1357600000.0,1341200000.0,1324300000.0,1341200000.0,1406700000.0,1509300000.0,0.0,1510429990.0
Weighted Average Shs Out (Dil),1401400000.0,1392700000.0,1377200000.0,1341200000.0,1324300000.0,1341200000.0,1406700000.0,1519000000.0,0.0,1507900000.0
Dividend per Share,0.0,0.0,0.0,0.0,0.0,0.0,0.0,0.0,0.0,0.0
Gross Margin,0.713733075435,0.713417329797,0.710946816122,0.709375417948,0.70054200542,0.695646087078,0.67595530418,0.651141432695,0.0,0.6854
EBITDA Margin,0.244935355798,0.236405835544,0.153112330074,0.0639293834426,0.0574525745257,0.113257734845,-0.439370947717,0.212673838887,0.0,-0.008
EBIT Margin,0.153313651634,0.142020335986,0.0533031242547,-0.0437341179617,-0.0407859078591,0.0167996640067,-0.533590840116,0.118604040934,0.0,-0.11
Profit Margin,0.170110964064,0.0114942528736,0.0413784879561,-0.0319646917213,-0.0161246612466,-0.0169396612068,-0.561180852531,0.0578588297035,0.0,-0.125
Free Cash Flow margin,-0.000610811361091,0.122347480106,0.0710708323396,0.0472114484419,0.136856368564,0.117177656447,0.142640364188,0.0923642088691,0.0,0.0645
EBITDA,2406000000.0,2139000000.0,1284000000.0,478000000.0,424000000.0,809000000.0,-3185000000.0,1621000000.0,0.0,-67000000.0
EBIT,1506000000.0,1285000000.0,447000000.0,-327000000.0,-301000000.0,120000000.0,-3868000000.0,904000000.0,0.0,-901000000.0
Consolidated Income,1671000000.0,104000000.0,347000000.0,-239000000.0,-119000000.0,-121000000.0,-4068000000.0,441000000.0,0.0,-1025000000.0
Earnings Before Tax Margin,0.144762292579,0.103116710875,0.0211066062485,-0.0869332620035,-0.0689701897019,-0.0312193756125,-0.566560904952,0.0842298609289,0.0,-0.1597
Net Profit Margin,0.170110964064,0.0114942528736,0.0413784879561,-0.0319646917213,-0.0161246612466,-0.0169396612068,-0.561180852531,0.0578588297035,0.0,-0.1252
