Date,2018-12-31,2017-12-31,2016-12-31,2015-12-31,2014-12-31,2013-12-31,2012-12-31,2011-12-31,2010-12-31,2009-12-31
Revenue,728482000.0,726650000.0,685808000.0,666515000.0,666740000.0,575677000.0,501270000.0,602851000.0,,
Revenue Growth,0.00252115874217299,0.0595531110748198,0.0289460852343908,-0.000337462879083301,0.158184190092708,0.148436970095956,-0.168501006052905,0.0,0.0,
Cost of Revenue,0.0,0.0,0.0,0.0,0.0,0.0,0.0,0.0,,
Gross Profit,849759000.0,739069000.0,728482000.0,726650000.0,685808000.0,666515000.0,666740000.0,575677000.0,501270000.0,602851000.0
R&D Expenses,0.0,0.0,0.0,0.0,0.0,0.0,0.0,0.0,,
SG&A Expense,383351000.0,379644000.0,366042000.0,366191000.0,367613000.0,346949000.0,337294000.0,344350000.0,,
Operating Expenses,564289000.0,496855000.0,532038000.0,539911000.0,518406000.0,531854000.0,549040000.0,523702000.0,487033000.0,490017000.0
Operating Income,278161000.0,232311000.0,196444000.0,186739000.0,167402000.0,134661000.0,117700000.0,51975000.0,14237000.0,112834000.0
Interest Expense,0.0,0.0,0.0,0.0,0.0,0.0,0.0,0.0,0.0,0.0
Earnings before Tax,196444000.0,186739000.0,167402000.0,131666000.0,117547000.0,42044000.0,14237000.0,112834000.0,,
Income Tax Expense,55656000.0,78061000.0,63716000.0,59248000.0,50652000.0,37551000.0,33252000.0,4475000.0,-8705000.0,30105000.0
Net Income - Non-Controlling int,0.0,0.0,0.0,0.0,0.0,0.0,0.0,0.0,,
Net Income - Discontinued ops,0.0,0.0,0.0,0.0,0.0,0.0,0.0,0.0,,
Net Income,132728000.0,127491000.0,116750000.0,94115000.0,84295000.0,37569000.0,22942000.0,82729000.0,,
Preferred Dividends,0.0,0.0,0.0,0.0,0.0,0.0,0.0,0.0,,
Net Income Com,209469000.0,153562000.0,132728000.0,127491000.0,116750000.0,94115000.0,84295000.0,37569000.0,22942000.0,82729000.0
EPS,2.12,1.68,1.41,1.33,1.22,0.99,0.9,0.45,0.28,0.99
EPS Diluted,2.11,1.67,1.41,1.33,1.21,0.99,0.9,0.45,0.27,0.99
Weighted Average Shs Out,100000000.0,90000000.0,93652099.0,93988495.0,96093421.0,95213534.0,94440710.0,83488963.0,83481737.0,83448400.0
Weighted Average Shs Out (Dil),93652099.0,93988495.0,96093421.0,95213534.0,94440710.0,83488963.0,83481737.0,83448400.0,,
Dividend per Share,0.45,0.35,0.25,0.12,0.04,0.14,0.88,0.88,,
Gross Margin,1.0,1.0,1.0,1.0,1.0,1.0,1.0,1.0,,
EBITDA Margin,0.31,0.299,0.29,0.242,0.223,0.129,0.096,0.246,,
EBIT Margin,0.2697,0.257,0.2441,0.1975,0.1763,0.073,0.0284,0.1872,,
Profit Margin,0.182,0.175,0.17,0.141,0.126,0.065,0.046,0.137,,
Free Cash Flow margin,0.1653,0.1424,0.1829,0.2721,0.2056,0.4482,0.4087,0.4282,,
EBITDA,225709000.0,216990000.0,199117000.0,161189000.0,148489000.0,74258000.0,47909000.0,148588000.0,,
EBIT,0.0,0.0,196444000.0,186739000.0,167402000.0,131666000.0,117547000.0,42044000.0,14237000.0,112834000.0
Consolidated Income,132728000.0,127491000.0,116750000.0,94115000.0,84295000.0,37569000.0,22942000.0,82729000.0,,
Earnings Before Tax Margin,0.2697,0.257,0.2441,0.1975,0.1763,0.073,0.0284,0.1872,,
Net Profit Margin,0.1822,0.1755,0.1702,0.1412,0.1264,0.0653,0.0458,0.1372,,
