Date,2018-12-31,2017-12-31,2016-12-31,2015-12-31,2014-12-31,2013-12-31,2012-12-31,2011-12-31,2010-12-31,2009-12-31
Revenue,449000.0,227000.0,265000.0,0.0,0.0,0.0,0.0,0.0,18757000.0,1010000.0
Revenue Growth,0.977973568281938,-0.143396226415094,0.0,0.0,0.0,0.0,0.0,-1,17.5712871287129,-0.9296
Cost of Revenue,0.0,0.0,0.0,0.0,0.0,0.0,0.0,0.0,0.0,0.0
Gross Profit,0.0,0.0,0.0,0.0,0.0,0.0,0.0,0.0,18757000.0,1010000.0
R&D Expenses,0.0,0.0,0.0,0.0,0.0,0.0,0.0,0.0,0.0,0.0
SG&A Expense,7055000.0,7092000.0,7025000.0,8105000.0,6887000.0,5846000.0,6239000.0,6541000.0,10608000.0,9526000.0
Operating Expenses,7055000.0,7092000.0,7025000.0,8105000.0,6887000.0,5846000.0,6239000.0,6541000.0,14313000.0,11381000.0
Operating Income,871000.0,3732000.0,1255000.0,4498000.0,2532000.0,-297000.0,1417000.0,-12413000.0,4444000.0,-10371000.0
Interest Expense,4929000.0,4348000.0,3877000.0,3864000.0,3868000.0,4864000.0,6426000.0,8051000.0,0.0,0.0
Earnings before Tax,871000.0,3732000.0,1255000.0,4498000.0,2532000.0,-297000.0,1417000.0,-12413000.0,3256000.0,-11105000.0
Income Tax Expense,56000.0,1863000.0,-2225000.0,-4574000.0,3000.0,4000.0,829000.0,1842000.0,1341000.0,-4646000.0
Net Income - Non-Controlling int,0.0,0.0,0.0,0.0,0.0,0.0,0.0,0.0,0.0,0.0
Net Income - Discontinued ops,0.0,0.0,0.0,0.0,0.0,0.0,0.0,0.0,0.0,0.0
Net Income,815000.0,1869000.0,3480000.0,9072000.0,2529000.0,-301000.0,588000.0,-14255000.0,1915000.0,-6459000.0
Preferred Dividends,0.0,0.0,3000.0,0.0,0.0,779000.0,450000.0,1114000.0,1145000.0,749000.0
Net Income Com,815000.0,1869000.0,3480000.0,9072000.0,2529000.0,-301000.0,588000.0,-14255000.0,1915000.0,-6459000.0
EPS,0.03,0.07,0.12,0.31,0.11,-0.13,-0.38,-8.81,0.44,-4.14
EPS Diluted,0.03,0.07,0.12,0.31,0.11,-0.13,-0.38,-8.81,0.44,-4.14
Weighted Average Shs Out,26755405.0,26678917.0,28999327.0,29076708.0,22103488.0,8511610.0,1807911.0,0.0,1743965.0,1743365.0
Weighted Average Shs Out (Dil),26762449.0,26755482.0,29098500.0,29076708.0,22103488.0,8511610.0,1807911.0,0.0,1743965.0,1743365.0
Dividend per Share,0.0,0.0,0.0,0.0,0.0,0.0,0.0,0.0,0.06,0.2
Gross Margin,0.0,0.0,0.0,0.0,0.0,0.0,0.0,0.0,1.0,1.0
EBITDA Margin,1.48329621381,16.9295154185,5.07924528302,0.0,0.0,0.0,0.0,0.0,0.196,-10.559
EBIT Margin,1.93986636971,16.4405286344,4.7358490566,0.0,0.0,0.0,0.0,0.0,0.1736,-10.995
Profit Margin,1.81514476615,8.23348017621,13.1320754717,0.0,0.0,0.0,0.0,0.0,0.102,-6.395
Free Cash Flow margin,0.349665924276,-45.8546255507,2.90566037736,0.0,0.0,0.0,0.0,0.0,0.573,7.1921
EBITDA,666000.0,3843000.0,1346000.0,4583000.0,2554000.0,-107000.0,1673000.0,-12378000.0,3681000.0,-10665000.0
EBIT,871000.0,3732000.0,1255000.0,4498000.0,2532000.0,-297000.0,1417000.0,-12413000.0,3256000.0,-11105000.0
Consolidated Income,815000.0,1869000.0,3480000.0,9072000.0,2529000.0,-301000.0,588000.0,-14255000.0,1915000.0,-6459000.0
Earnings Before Tax Margin,1.93986636971,16.4405286344,4.7358490566,0.0,0.0,0.0,0.0,0.0,0.1736,-10.995
Net Profit Margin,1.81514476615,8.23348017621,13.1320754717,0.0,0.0,0.0,0.0,0.0,0.1021,-6.395
