Date,2018-12-31,2017-12-31,2016-12-31,2015-12-31,2014-12-31,2013-12-31,2012-12-31,2011-12-31,2010-12-31,2009-12-31
Revenue,72854000000.0,71449000000.0,69875000000.0,76354000000.0,76882000000.0,76366000000.0,69190000000.0,77331000000.0,86601000000.0,80285000000.0
Revenue Growth,0.0196643759884673,0.022525939177102,-0.0848547554810488,-0.00686766733435655,0.00675693371395647,0.103714409596763,-0.105274728116797,-0.107042643849378,0.0786697390546179,0.5559
Cost of Revenue,101000000.0,109000000.0,204000000.0,731000000.0,801000000.0,830000000.0,11329000000.0,12359000000.0,26042000000.0,40262000000.0
Gross Profit,72753000000.0,71340000000.0,69671000000.0,75623000000.0,76081000000.0,75536000000.0,57861000000.0,64972000000.0,60559000000.0,40023000000.0
R&D Expenses,7193000000.0,6891000000.0,6685000000.0,6581000000.0,6436000000.0,6136000000.0,0.0,0.0,0.0,0.0
SG&A Expense,22699000000.0,22789000000.0,22602000000.0,23316000000.0,25803000000.0,25855000000.0,50036000000.0,50250000000.0,47375000000.0,47935000000.0
Operating Expenses,29892000000.0,29680000000.0,29287000000.0,29897000000.0,55051000000.0,48355000000.0,50036000000.0,50250000000.0,47375000000.0,47822000000.0
Operating Income,23445000000.0,22761000000.0,21477000000.0,24826000000.0,14364000000.0,13673000000.0,7825000000.0,14722000000.0,13184000000.0,-7799000000.0
Interest Expense,5357000000.0,29388000000.0,6444000000.0,7440000000.0,6864000000.0,5867000000.0,0.0,0.0,0.0,0.0
Earnings before Tax,23402000000.0,22590000000.0,21356000000.0,24682000000.0,14177000000.0,19540000000.0,7548000000.0,14642000000.0,12835000000.0,-8339000000.0
Income Tax Expense,5357000000.0,29388000000.0,6444000000.0,7440000000.0,6864000000.0,5867000000.0,7000000.0,3575000000.0,2233000000.0,-6733000000.0
Net Income - Non-Controlling int,0.0,0.0,0.0,0.0,0.0,0.0,219000000.0,148000000.0,281000000.0,95000000.0
Net Income - Discontinued ops,0.0,0.0,0.0,0.0,0.0,0.0,58000000.0,-68000000.0,68000000.0,445000000.0
Net Income,18045000000.0,-6798000000.0,14912000000.0,17242000000.0,7313000000.0,13673000000.0,7541000000.0,11067000000.0,10602000000.0,-1606000000.0
Preferred Dividends,0.0,0.0,0.0,0.0,0.0,0.0,0.0,0.0,0.0,0.0
Net Income Com,18045000000.0,-6798000000.0,14912000000.0,17242000000.0,7313000000.0,13673000000.0,7541000000.0,11067000000.0,10602000000.0,-1606000000.0
EPS,6.69,-2.98,4.72,5.41,2.21,4.35,2.51,3.73,3.65,-7.99
EPS Diluted,6.68,-2.98,4.72,5.4,2.2,4.35,2.44,3.63,3.54,-7.99
Weighted Average Shs Out,2493300000.0,2698500000.0,2888100000.0,3004000000.0,3031600000.0,3035800000.0,2932520700.0,2923708189.0,2905016900.0,2286394726.0
Weighted Average Shs Out (Dil),2493300000.0,2698500000.0,2888100000.0,3004000000.0,3031600000.0,3035800000.0,2930600000.0,2909800000.0,2877600000.0,1156800000.0
Dividend per Share,2.01339590101,1.4070780063,0.791870087601,0.417110519308,0.208800633329,0.103432373674,0.04,0.03,0.0,0.1
Gross Margin,0.998613665688,0.998474436311,0.997080500894,0.990426172827,0.989581436487,0.989131288793,0.8363,0.8402,0.6993,0.4985
EBITDA Margin,0.373335712521,0.369774244566,0.361073345259,0.373562616235,0.236245154913,0.224838278815,0.145,0.226,0.179,-0.068
EBIT Margin,0.321807999561,0.318562891013,0.307363148479,0.325143410954,0.186831768164,0.179045648587,0.1091,0.1893,0.1482,-0.1039
Profit Margin,0.247687155132,-0.0951447885905,0.213409660107,0.225816591141,0.09511979397,0.179045648587,0.109,0.143,0.122,-0.02
Free Cash Flow margin,0.455403958602,-0.167224173886,0.732393559928,0.478547292873,0.546916053172,0.706073383443,-0.1861,0.8104,0.415,-0.6299
EBITDA,27199000000.0,26420000000.0,25230000000.0,28523000000.0,18163000000.0,17170000000.0,10055000000.0,17514000000.0,15499000000.0,-5486000000.0
EBIT,23445000000.0,22761000000.0,21477000000.0,24826000000.0,14364000000.0,13673000000.0,7548000000.0,14642000000.0,12835000000.0,-8339000000.0
Consolidated Income,18045000000.0,-6798000000.0,14912000000.0,17242000000.0,7313000000.0,13673000000.0,7760000000.0,11215000000.0,10883000000.0,-1511000000.0
Earnings Before Tax Margin,0.321217778022,0.316169575501,0.305631484794,0.323257458679,0.184399469317,0.255873032501,0.1091,0.1893,0.1482,-0.1039
Net Profit Margin,0.247687155132,-0.0951447885905,0.213409660107,0.225816591141,0.09511979397,0.179045648587,0.109,0.1431,0.1224,-0.02
