Date,2018-12-31,2017-12-31,2016-12-31,2015-12-31,2014-12-31,2013-12-31,2012-12-31,2011-12-31,2010-12-31,2009-12-31
Revenue,496158000.0,499063000.0,462050000.0,443533000.0,466773000.0,415158000.0,329848000.0,347974754.0,345925182.0,255597553.0
Revenue Growth,-0.00582090838230845,0.0801060491288822,0.0417488664879502,-0.0497886552992568,0.12432616016071,0.258634280032015,-0.0520921526393262,0.0059248996796076,0.35339786292868,0.5664
Cost of Revenue,430745000.0,414429000.0,381131000.0,363986000.0,379299000.0,338526000.0,266482000.0,279875757.0,265622472.0,193854927.0
Gross Profit,65413000.0,84634000.0,80919000.0,79547000.0,87474000.0,76632000.0,63366000.0,68098997.0,80302710.0,61742626.0
R&D Expenses,33551000.0,33544000.0,27706000.0,22339000.0,22966000.0,20885000.0,8993000.0,10005605.0,7991252.0,2561170.0
SG&A Expense,19761000.0,19543000.0,16841000.0,16970000.0,16161000.0,13253000.0,15519000.0,16224369.0,19393086.0,23087566.0
Operating Expenses,72261000.0,72999000.0,61706000.0,54312000.0,54863000.0,47469000.0,33735000.0,36201809.0,26255306.0,24810231.0
Operating Income,-2908000.0,19270000.0,23016000.0,29652000.0,44432000.0,36718000.0,31100000.0,33378496.0,54047404.0,36932395.0
Interest Expense,2928000.0,1753000.0,656000.0,1337000.0,1788000.0,1569000.0,333000.0,0.0,3360837.0,7883714.0
Earnings before Tax,-2501000.0,20375000.0,24904000.0,32047000.0,46081000.0,38241000.0,49835000.0,52098933.0,60222318.0,-21720858.0
Income Tax Expense,-1465000.0,41633000.0,2484000.0,4490000.0,6785000.0,5483000.0,4131000.0,4353702.0,8484205.0,4720013.0
Net Income - Non-Controlling int,0.0,0.0,0.0,0.0,0.0,0.0,0.0,0.0,11179189.0,7789746.0
Net Income - Discontinued ops,0.0,0.0,0.0,0.0,0.0,0.0,0.0,0.0,0.0,0.0
Net Income,2377000.0,-19346000.0,22511000.0,27388000.0,39594000.0,26789000.0,40792000.0,40791987.0,51738113.0,-26440871.0
Preferred Dividends,0.0,0.0,0.0,0.0,0.0,0.0,0.0,0.0,6994306.0,0.0
Net Income Com,2377000.0,-19346000.0,22511000.0,27388000.0,39594000.0,26789000.0,40792000.0,40791987.0,44743807.0,-26440871.0
EPS,0.08,-0.61,0.7,0.85,1.15,0.96,1.3,1.3,1.65,-0.98
EPS Diluted,0.08,-0.61,0.7,0.85,1.15,0.95,0.69,0.69,1.1,-0.98
Weighted Average Shs Out,31643813.0,31644004.0,31954407.0,32121019.0,29062519.0,28043019.0,27930668.0,27930668.0,27115826.0,26984744.0
Weighted Average Shs Out (Dil),31645594.0,31646897.0,31957052.0,32134866.0,29082809.0,28056144.0,31511685.0,31511685.0,27098258.0,26990649.0
Dividend per Share,0.0165583872434,0.0,0.0170228467882,0.0,0.147544207301,0.0510761564383,0.0895858155475,0.0895677904879,0.0,0.0
Gross Margin,0.13183905127,0.169585803796,0.175130397143,0.179348549037,0.187401584925,0.184585145896,0.192106667313,0.195700970307,0.2321,0.2416
EBITDA Margin,0.0280313932255,0.0693860294191,0.0799523861054,0.101288968352,0.128445732722,0.123716753622,0.135216827145,0.13472123038,0.211,-0.02
EBIT Margin,-0.00586103620218,0.0386123595618,0.0498127908235,0.0668541010477,0.0951897389095,0.088443435993,0.0942858528777,0.0959221771589,0.1838,-0.0541
Profit Margin,0.00479081260405,-0.0387646449446,0.0487198355156,0.06174963306,0.0848249577418,0.0645272402314,0.123669083942,0.117226857785,0.129,-0.103
Free Cash Flow margin,-0.0266810169341,0.0462005798867,-0.0600800779136,-0.00547873551686,0.0592557838607,-0.00441277778581,0.058226819626,0.0551934465912,0.0315,0.0694
EBITDA,13908000.0,34628000.0,36942000.0,44925000.0,59955000.0,51362000.0,44601000.0,46879587.0,73080773.0,-5152975.0
EBIT,-2908000.0,19270000.0,23016000.0,29652000.0,44432000.0,36718000.0,31100000.0,33378496.0,63583155.0,-13837144.0
Consolidated Income,2377000.0,-19346000.0,22511000.0,27388000.0,39594000.0,26789000.0,40792000.0,40791987.0,62917302.0,-18651125.0
Earnings Before Tax Margin,-0.00504073299231,0.0408265088776,0.0538989286874,0.0722539247362,0.098722505372,0.0921119188357,0.151084742063,0.149720439202,0.1741,-0.085
Net Profit Margin,0.00479081260405,-0.0387646449446,0.0487198355156,0.06174963306,0.0848249577418,0.0645272402314,0.123669083942,0.117226857785,0.1496,-0.1034
