Date,2018-12-31,2017-12-31,2016-12-31,2015-12-31,2014-12-31,2013-12-31,2012-12-31,2011-12-31,2010-12-31,2009-12-31
Revenue,54722000000.0,45462000000.0,38537000000.0,47011000000.0,55184000000.0,55656000000.0,65875000000.0,60138000000.0,42588000000.0,32396000000.0
Revenue Growth,0.203686595398355,0.179697433635208,-0.180255684839718,-0.148104523050159,-0.0084806669541469,-0.155127134724858,0.0953972529848016,0.412087912087912,0.314606741573034,-0.3688
Cost of Revenue,36997000000.0,31049000000.0,28309000000.0,33742000000.0,39767000000.0,40727000000.0,47055000000.0,43578000000.0,30367000000.0,24931000000.0
Gross Profit,17725000000.0,14413000000.0,10228000000.0,13269000000.0,15417000000.0,14929000000.0,18820000000.0,16560000000.0,12221000000.0,7465000000.0
R&D Expenses,1850000000.0,1905000000.0,1951000000.0,2165000000.0,2135000000.0,2046000000.0,2466000000.0,2297000000.0,1905000000.0,1421000000.0
SG&A Expense,5478000000.0,5177000000.0,4686000000.0,5199000000.0,5697000000.0,5547000000.0,5919000000.0,5203000000.0,4248000000.0,3645000000.0
Operating Expenses,46429000000.0,41056000000.0,38039000000.0,43755000000.0,49856000000.0,50028000000.0,57302000000.0,52985000000.0,38625000000.0,6888000000.0
Operating Income,8293000000.0,4406000000.0,498000000.0,3256000000.0,5328000000.0,5628000000.0,8573000000.0,7153000000.0,3963000000.0,577000000.0
Interest Expense,0.0,0.0,0.0,0.0,0.0,0.0,0.0,0.0,0.0,389000000.0
Earnings before Tax,5667000000.0,4082000000.0,139000000.0,2855000000.0,5083000000.0,5128000000.0,8236000000.0,6725000000.0,3750000000.0,625000000.0
Income Tax Expense,1698000000.0,3339000000.0,192000000.0,742000000.0,1380000000.0,1319000000.0,2528000000.0,1720000000.0,968000000.0,-270000000.0
Net Income - Non-Controlling int,0.0,0.0,0.0,0.0,0.0,0.0,0.0,0.0,0.0,-68000000.0
Net Income - Discontinued ops,0.0,0.0,0.0,0.0,0.0,0.0,0.0,0.0,0.0,0.0
Net Income,6147000000.0,754000000.0,-67000000.0,2102000000.0,3695000000.0,3789000000.0,5681000000.0,4928000000.0,2700000000.0,895000000.0
Preferred Dividends,0.0,0.0,0.0,0.0,0.0,0.0,0.0,0.0,0.0,0.0
Net Income Com,6147000000.0,754000000.0,-67000000.0,2102000000.0,3695000000.0,3789000000.0,5681000000.0,4928000000.0,2700000000.0,895000000.0
EPS,10.39,1.27,-0.11,3.54,5.99,5.87,8.71,7.64,4.28,1.45
EPS Diluted,10.26,1.26,-0.11,3.5,5.88,5.75,8.48,7.4,4.15,1.43
Weighted Average Shs Out,591400000.0,591800000.0,584300000.0,594300000.0,617200000.0,645200000.0,652600000.0,645000000.0,631500000.0,622727557.0
Weighted Average Shs Out (Dil),599400000.0,599300000.0,584300000.0,601300000.0,628900000.0,658600000.0,669600000.0,666100000.0,650400000.0,615200000.0
Dividend per Share,3.25492158825,3.05523110295,3.07889782646,2.92200232829,2.57592622038,1.68691163073,2.41487455197,1.73997898213,1.66666666667,1.68
Gross Margin,0.323909944812,0.317034006423,0.265407270934,0.282253089702,0.279374456364,0.268237027454,0.28569259962,0.27536665669,0.286958767728,0.2304
EBITDA Margin,0.202094221702,0.160199727245,0.0916521784259,0.134053732105,0.153867062917,0.156586890901,0.172842504744,0.160963118162,0.146966281582,0.103
EBIT Margin,0.151547823544,0.0969161057587,0.012922645769,0.0692603858671,0.0965497245578,0.101121172919,0.130140417457,0.118943097542,0.0930543815159,0.0313
Profit Margin,0.112331420635,0.0165852800141,-0.0017385888886,0.0447129395248,0.0669578138591,0.0680789133247,0.0862390891841,0.081944860155,0.0633981403212,0.028
Free Cash Flow margin,0.0965242498447,0.10567067001,0.116744946415,0.112463040565,0.118113946071,0.13779287049,0.0287058823529,0.0747447537331,0.0806330421715,0.1626
EBITDA,11059000000.0,7283000000.0,3532000000.0,6302000000.0,8491000000.0,8715000000.0,11386000000.0,9680000000.0,6259000000.0,3350000000.0
EBIT,8293000000.0,4406000000.0,498000000.0,3256000000.0,5328000000.0,5628000000.0,8573000000.0,7153000000.0,3963000000.0,1014000000.0
Consolidated Income,6147000000.0,754000000.0,-67000000.0,2102000000.0,3695000000.0,3789000000.0,5681000000.0,4928000000.0,2700000000.0,827000000.0
Earnings Before Tax Margin,0.10355981141,0.089789274559,0.00360692321665,0.0607304673374,0.0921100318933,0.0921374155527,0.125024667932,0.111826133227,0.0880529726684,0.0193
Net Profit Margin,0.112331420635,0.0165852800141,-0.0017385888886,0.0447129395248,0.0669578138591,0.0680789133247,0.0862390891841,0.081944860155,0.0633981403212,0.0276
