Date,2018-12-31,2017-12-31,2016-12-31,2015-12-31,2014-12-31,2013-12-31,2012-12-31,2011-12-31,2010-12-31,2009-12-31
Revenue,21340088000.0,14209608000.0,13071589000.0,10855810000.0,9049918000.0,7184794000.0,6514099000.0,5905411000.0,5115316000.0,4165820000.0
Revenue Growth,0.501806946398521,0.0870604943285778,0.204109965078608,0.199547885406255,0.259593246514792,0.102960516872709,0.103072927523588,0.154456733464756,0.227925354432021,-0.1878
Cost of Revenue,16901200000.0,10299340000.0,9305632000.0,7214304000.0,5726223000.0,4337086000.0,3830368000.0,3572849000.0,3068551000.0,2447885000.0
Gross Profit,4438888000.0,3910268000.0,3765957000.0,3641506000.0,3323695000.0,2847708000.0,2683731000.0,2332562000.0,2046765000.0,1717935000.0
R&D Expenses,0.0,0.0,0.0,0.0,0.0,0.0,0.0,0.0,0.0,0.0
SG&A Expense,0.0,0.0,0.0,0.0,0.0,0.0,0.0,0.0,0.0,1383579000.0
Operating Expenses,3365773000.0,2858654000.0,2966332000.0,2816333000.0,2589100000.0,2245132000.0,2104531000.0,1882666000.0,1607682000.0,1483052000.0
Operating Income,1087989000.0,1071442000.0,815487000.0,835944000.0,792254000.0,616128000.0,585081000.0,462862000.0,446379000.0,234883000.0
Interest Expense,107270000.0,136814000.0,144851000.0,118880000.0,112035000.0,135082000.0,175068000.0,150249000.0,191151000.0,189146000.0
Earnings before Tax,1379006000.0,1164093000.0,880726000.0,879730000.0,777262000.0,321798000.0,304156000.0,240435000.0,141689000.0,60334000.0
Income Tax Expense,313058000.0,466147000.0,296662000.0,320853000.0,263759000.0,187187000.0,185322000.0,189103000.0,130368000.0,26993000.0
Net Income - Non-Controlling int,0.0,0.0,0.0,0.0,0.0,0.0,0.0,0.0,0.0,-60979000.0
Net Income - Discontinued ops,0.0,0.0,0.0,0.0,0.0,0.0,0.0,0.0,0.0,0.0
Net Income,1063219000.0,691479000.0,571973000.0,547132000.0,484503000.0,316538000.0,315555000.0,239162000.0,200345000.0,33341000.0
Preferred Dividends,0.0,0.0,0.0,0.0,0.0,0.0,0.0,0.0,0.0,0.0
Net Income Com,1063219000.0,691479000.0,571973000.0,547132000.0,484503000.0,316538000.0,315555000.0,239162000.0,200345000.0,33341000.0
EPS,3.13,2.05,1.71,1.64,1.47,0.96,0.98,0.75,0.64,0.12
EPS Diluted,3.1,2.03,1.69,1.63,1.45,0.95,0.97,0.74,0.63,0.12
Weighted Average Shs Out,339321056.0,337658017.0,335414831.0,332616301.0,330620206.0,328110004.0,322315576.0,318454191.0,313873439.0,292817544.0
Weighted Average Shs Out (Dil),343122741.0,340783556.0,338424563.0,336414856.0,334171509.0,331762854.0,327044145.0,323723755.0,319016887.0,277361783.0
Dividend per Share,0.0,0.0,0.0,0.0,0.0,0.0,0.0,0.0,0.0,0.0
Gross Margin,0.208007014779,0.27518479046,0.288102464054,0.335443048469,0.367262443704,0.39635207356,0.411988058517,0.394987241362,0.400124840772,0.4124
EBITDA Margin,0.0738118793137,0.10474173531,0.0912933385528,0.107071789208,0.118289469584,0.117713326228,0.117514947194,0.099441850872,0.114236148852,0.084
EBIT Margin,0.0509833417744,0.0754026430567,0.0623862179265,0.0770042953957,0.0875426716574,0.0857544419506,0.0898176401679,0.0783793033203,0.0872632306587,0.0599
Profit Margin,0.0498226155394,0.0486627780302,0.0437569602288,0.0503999240959,0.0535367281781,0.0440566563217,0.0484418489802,0.040498790008,0.0391657133205,0.008
Free Cash Flow margin,0.0423356267322,0.037472040045,0.0198223796663,0.0472035711753,0.0542035850491,0.0819438942856,0.0216221767584,0.0361090870729,0.107153301966,0.0445
EBITDA,1575152000.0,1488339000.0,1193349000.0,1162351000.0,1070510000.0,845746000.0,765504000.0,587245000.0,584354000.0,348953000.0
EBIT,1087989000.0,1071442000.0,815487000.0,835944000.0,792254000.0,616128000.0,585081000.0,462862000.0,446379000.0,249480000.0
Consolidated Income,1063219000.0,691479000.0,571973000.0,547132000.0,484503000.0,316538000.0,315555000.0,239162000.0,200345000.0,-27638000.0
Earnings Before Tax Margin,0.0646204458013,0.0819229495986,0.0673771184207,0.0810377116033,0.0858860820617,0.0447887580354,0.0466919523329,0.0407143550212,0.0276989730449,0.0145
Net Profit Margin,0.0498226155394,0.0486627780302,0.0437569602288,0.0503999240959,0.0535367281781,0.0440566563217,0.0484418489802,0.040498790008,0.0391657133205,0.008
