Date,2018-12-31,2017-12-31,2016-12-31,2015-12-31,2014-12-31,2013-12-31,2012-12-31,2011-12-31,2010-12-31,2009-12-31
Revenue,11151000000.0,8698000000.0,8284000000.0,8762000000.0,9097000000.0,8656000000.0,8470000000.0,8644000000.0,7941000000.0,7938000000.0
Revenue Growth,0.282018854909174,0.0499758570738774,-0.0545537548504908,-0.0368253270308893,0.0509473197781885,0.0219598583234947,-0.0201295696436835,0.0885278932124418,0.000377928949357521,-0.0442
Cost of Revenue,9028000000.0,6952000000.0,6583000000.0,7116000000.0,7525000000.0,7180000000.0,7013000000.0,7120000000.0,6691000000.0,6745000000.0
Gross Profit,2123000000.0,1746000000.0,1701000000.0,1646000000.0,1382000000.0,1342000000.0,1277000000.0,1348000000.0,1250000000.0,1193000000.0
R&D Expenses,51000000.0,39000000.0,41000000.0,39000000.0,39000000.0,36000000.0,43000000.0,43000000.0,0.0,0.0
SG&A Expense,558000000.0,371000000.0,368000000.0,390000000.0,398000000.0,425000000.0,382000000.0,395000000.0,360000000.0,381000000.0
Operating Expenses,609000000.0,410000000.0,409000000.0,429000000.0,437000000.0,461000000.0,425000000.0,438000000.0,360000000.0,473000000.0
Operating Income,1096000000.0,1077000000.0,1021000000.0,927000000.0,516000000.0,324000000.0,636000000.0,587000000.0,614000000.0,720000000.0
Interest Expense,384000000.0,252000000.0,243000000.0,270000000.0,253000000.0,236000000.0,226000000.0,232000000.0,203000000.0,247000000.0
Earnings before Tax,740000000.0,829000000.0,769000000.0,639000000.0,516000000.0,527000000.0,636000000.0,587000000.0,614000000.0,341000000.0
Income Tax Expense,216000000.0,401000000.0,186000000.0,178000000.0,41000000.0,148000000.0,-17000000.0,194000000.0,165000000.0,7000000.0
Net Income - Non-Controlling int,0.0,0.0,0.0,0.0,0.0,0.0,0.0,0.0,0.0,116000000.0
Net Income - Discontinued ops,0.0,0.0,0.0,0.0,0.0,0.0,0.0,0.0,0.0,0.0
Net Income,439000000.0,323000000.0,496000000.0,393000000.0,387000000.0,324000000.0,557000000.0,282000000.0,324000000.0,334000000.0
Preferred Dividends,0.0,0.0,0.0,0.0,0.0,0.0,0.0,0.0,0.0,0.0
Net Income Com,439000000.0,323000000.0,496000000.0,393000000.0,387000000.0,324000000.0,557000000.0,282000000.0,324000000.0,334000000.0
EPS,3.28,2.39,3.58,2.85,2.82,2.32,3.81,1.86,0.0,2.1
EPS Diluted,3.28,2.38,3.56,2.82,2.79,2.3,3.75,1.83,0.0,2.06
Weighted Average Shs Out,133640000.0,135290000.0,138530000.0,137940000.0,137200000.0,139500000.0,146100000.0,151700000.0,0.0,160661823.0
Weighted Average Shs Out (Dil),133880000.0,135610000.0,139310000.0,139140000.0,138500000.0,140700000.0,148400000.0,154300000.0,0.0,160661823.0
Dividend per Share,0.448162533612,0.685790133471,0.574258847175,0.344976282881,0.5559566787,0.554371002132,0.532345013477,0.674011665587,0.0,0.0
Gross Margin,0.19038651242,0.200735801334,0.205335586673,0.187856653732,0.151918214796,0.155036968577,0.150767414404,0.155946321148,0.157410905428,0.1503
EBITDA Margin,0.136400322841,0.152218900897,0.153066151618,0.132846382105,0.0776080026382,0.0529112754159,0.0963400236128,0.0882693197594,0.077320236746,0.099
EBIT Margin,0.0982871491346,0.123821568177,0.123249637856,0.105797763068,0.0567219962625,0.0374306839187,0.0750885478158,0.067908375752,0.077320236746,0.0741
Profit Margin,0.0393686664873,0.0371349735571,0.0598744567842,0.0448527733394,0.0425414971969,0.0374306839187,0.0657615112161,0.0326237852846,0.0408009066868,0.042
Free Cash Flow margin,0.00977490807999,0.0301218670959,0.0551665861902,0.0687057749372,0.064196988018,0.070471349353,0.0350649350649,-0.00254511800093,-0.0402971917894,0.0728
EBITDA,1521000000.0,1324000000.0,1268000000.0,1164000000.0,706000000.0,458000000.0,816000000.0,763000000.0,614000000.0,782000000.0
EBIT,1096000000.0,1077000000.0,1021000000.0,927000000.0,516000000.0,324000000.0,636000000.0,587000000.0,614000000.0,588000000.0
Consolidated Income,439000000.0,323000000.0,496000000.0,393000000.0,387000000.0,324000000.0,557000000.0,282000000.0,324000000.0,450000000.0
Earnings Before Tax Margin,0.066361761277,0.095309266498,0.0928295509416,0.0729285551244,0.0567219962625,0.0608826247689,0.0750885478158,0.067908375752,0.077320236746,0.043
Net Profit Margin,0.0393686664873,0.0371349735571,0.0598744567842,0.0448527733394,0.0425414971969,0.0374306839187,0.0657615112161,0.0326237852846,0.0408009066868,0.0421
