Date,2018-12-31,2017-12-31,2016-12-31,2015-12-31,2014-12-31,2013-12-31,2012-12-31,2011-12-31,2010-12-31,2009-12-31
Revenue,16240500000.0,15191500000.0,13981900000.0,12988700000.0,12074500000.0,10768600000.0,10128200000.0,9602400000.0,8801200000.0,7162600000.0
Revenue Growth,0.0690517723727084,0.0865118474599303,0.0764664670059359,0.0757132800530043,0.121269245770109,0.0632293991034932,0.0547571440473215,0.0910330409489615,0.228771675090051,-0.1126
Cost of Revenue,13533600000.0,12741600000.0,11654700000.0,10872900000.0,10153200000.0,9008300000.0,8458600000.0,8015000000.0,7410400000.0,6029700000.0
Gross Profit,2706900000.0,2449900000.0,2327200000.0,2115800000.0,1921300000.0,1760300000.0,1669600000.0,1587400000.0,1390800000.0,1132900000.0
R&D Expenses,0.0,0.0,0.0,0.0,0.0,0.0,0.0,0.0,0.0,0.0
SG&A Expense,1537100000.0,1410100000.0,1345100000.0,1226000000.0,1110300000.0,1120900000.0,1029500000.0,994000000.0,1038100000.0,923000000.0
Operating Expenses,1537100000.0,1410100000.0,1345100000.0,1226000000.0,1110300000.0,1120900000.0,1029500000.0,994000000.0,1038100000.0,1164800000.0
Operating Income,987300000.0,866100000.0,819200000.0,742000000.0,673000000.0,508600000.0,510600000.0,470700000.0,352700000.0,-31900000.0
Interest Expense,0.0,0.0,0.0,0.0,0.0,250100000.0,307400000.0,324200000.0,391900000.0,431700000.0
Earnings before Tax,840500000.0,660300000.0,672400000.0,647000000.0,387700000.0,195500000.0,186100000.0,28300000.0,-37000000.0,-461200000.0
Income Tax Expense,197500000.0,137300000.0,248000000.0,243900000.0,142800000.0,62700000.0,67100000.0,11200000.0,-7800000.0,-87800000.0
Net Income - Non-Controlling int,0.0,0.0,0.0,0.0,0.0,0.0,0.0,0.0,0.0,0.0
Net Income - Discontinued ops,0.0,0.0,0.0,0.0,0.0,0.0,0.0,0.0,0.0,0.0
Net Income,643000000.0,523000000.0,424400000.0,403100000.0,244900000.0,132800000.0,119000000.0,17100000.0,-29200000.0,-373400000.0
Preferred Dividends,0.0,0.0,0.0,0.0,0.0,0.0,0.0,0.0,0.0,0.0
Net Income Com,643000000.0,523000000.0,424400000.0,403100000.0,244900000.0,132800000.0,119000000.0,17100000.0,-29200000.0,-373400000.0
EPS,4.26,3.37,2.59,2.37,1.44,0.85,0.82,0.0,-0.2,
EPS Diluted,4.19,3.31,2.56,2.35,1.42,0.84,0.82,0.0,-0.2,
Weighted Average Shs Out,150900000.0,155400000.0,163600000.0,170300000.0,170600000.0,156600000.0,145100000.0,0.0,144379151.0,
Weighted Average Shs Out (Dil),153600000.0,158200000.0,166000000.0,171800000.0,172800000.0,158700000.0,145800000.0,0.0,144400000.0,
Dividend per Share,0.907552083333,0.675726927939,0.474096385542,0.307916181607,0.194444444444,0.0459987397606,0.0,0.0,0.0,0.0
Gross Margin,0.166675902836,0.161267814238,0.166443759432,0.162895439882,0.159120460475,0.163466003009,0.164846665745,0.165312838457,0.158,0.1582
EBITDA Margin,0.0771466395739,0.0745285192377,0.0772570251539,0.0751268410234,0.0734854445319,0.0673810894638,0.072510416461,0.071992418562,0.064,0.026
EBIT Margin,0.0607924632862,0.0570121449495,0.0585900342586,0.0571265792574,0.0557372976107,0.0472299091804,0.050413696412,0.0490189952512,0.0403,-0.0041
Profit Margin,0.039592377082,0.0344271467597,0.0303535284904,0.0310346685965,0.0202824133504,0.0123321508831,0.0117493730377,0.0017808047988,-0.003,-0.052
Free Cash Flow margin,0.0504787414181,0.0458545897377,0.0386571209921,0.0144279258124,0.0314712824548,0.0296417361588,0.0272506467092,0.017599766725,0.0434,0.0128
EBITDA,1252900000.0,1132200000.0,1080200000.0,975800000.0,887300000.0,725600000.0,734400000.0,691300000.0,564300000.0,188700000.0
EBIT,987300000.0,866100000.0,819200000.0,742000000.0,673000000.0,508600000.0,510600000.0,470700000.0,354900000.0,-29500000.0
Consolidated Income,643000000.0,523000000.0,424400000.0,403100000.0,244900000.0,132800000.0,119000000.0,17100000.0,-29200000.0,-373400000.0
Earnings Before Tax Margin,0.0517533327176,0.0434650956127,0.0480907458929,0.0498125293524,0.0321089900203,0.0181546347715,0.0183744396833,0.0029471798717,-0.0042,-0.0644
Net Profit Margin,0.039592377082,0.0344271467597,0.0303535284904,0.0310346685965,0.0202824133504,0.0123321508831,0.0117493730377,0.0017808047988,-0.0033,-0.0521
