Date,2018-12-31,2017-12-31,2016-12-31,2015-12-31,2014-12-31,2013-12-31,2012-12-31,2011-12-31,2010-12-31,2009-12-31
Revenue,1893200000.0,1589080000.0,1319094000.0,1949857000.0,1931042000.0,1454313000.0,1272111000.0,1356424000.0,1169271000.0,899253000.0
Revenue Growth,0.191381176529816,0.204675330188751,-0.323491927869582,0.00974344421302074,0.327803574608767,0.143228067362046,-0.0621582926872423,0.160059558477034,0.300269223455468,-0.5437
Cost of Revenue,1916100000.0,1460475000.0,1330136000.0,1908544000.0,1728586000.0,1414790000.0,1225769000.0,1266902000.0,1056875000.0,964918000.0
Gross Profit,-22900000.0,128605000.0,-11042000.0,41313000.0,202456000.0,39523000.0,46342000.0,89522000.0,112396000.0,-65665000.0
R&D Expenses,0.0,0.0,0.0,0.0,0.0,0.0,0.0,0.0,0.0,0.0
SG&A Expense,40200000.0,45446000.0,40264000.0,42115000.0,49195000.0,67477000.0,35363000.0,46032000.0,46802000.0,47879000.0
Operating Expenses,40200000.0,45446000.0,40264000.0,42115000.0,49195000.0,67477000.0,35363000.0,46032000.0,9416000.0,31791000.0
Operating Income,-59000000.0,93858000.0,-234213000.0,-39088000.0,140780000.0,-36556000.0,-7274000.0,47296000.0,102980000.0,-97456000.0
Interest Expense,22400000.0,22174000.0,22216000.0,21954000.0,22015000.0,23091000.0,24029000.0,25129000.0,25625000.0,30390000.0
Earnings before Tax,-70600000.0,55371000.0,-250865000.0,-41122000.0,129497000.0,19047000.0,-29323000.0,-73287000.0,71104000.0,-218339000.0
Income Tax Expense,-200000.0,7583000.0,2824000.0,9276000.0,18308000.0,3131000.0,8910000.0,14359000.0,11133000.0,-12357000.0
Net Income - Non-Controlling int,0.0,0.0,0.0,0.0,0.0,0.0,0.0,0.0,0.0,0.0
Net Income - Discontinued ops,0.0,0.0,0.0,0.0,0.0,0.0,0.0,0.0,0.0,0.0
Net Income,-66200000.0,48580000.0,-252415000.0,-59310000.0,112494000.0,-40313000.0,-35610000.0,11325000.0,59971000.0,-205982000.0
Preferred Dividends,0.0,0.0,0.0,0.0,0.0,0.0,0.0,0.0,0.0,0.0
Net Income Com,-66200000.0,48580000.0,-252415000.0,-59310000.0,112494000.0,-40313000.0,-35610000.0,11325000.0,59971000.0,-205982000.0
EPS,-0.76,0.51,-2.9,-0.68,1.16,-0.45,-0.4,0.11,0.59,-2.73
EPS Diluted,-0.76,0.51,-2.9,-0.68,1.15,-0.45,-0.4,0.11,0.59,-2.73
Weighted Average Shs Out,87600000.0,87295000.0,87064000.0,87375000.0,88823000.0,88612000.0,88534000.0,91854000.0,92741687.0,92530068.0
Weighted Average Shs Out (Dil),87600000.0,88020000.0,87064000.0,87375000.0,89428000.0,88612000.0,88534000.0,92257000.0,92741687.0,92530068.0
Dividend per Share,0.0,0.0,0.0,0.0,0.0,0.0,0.0,0.0,0.0,0.0
Gross Margin,-0.012095922248,0.0809304754953,-0.00837089699445,0.0211877076114,0.104842877576,0.0271764056293,0.0364292109729,0.0659985373305,0.0961,-0.073
EBITDA Margin,0.016427213184,0.112081833514,-0.113284572593,0.0210420559046,0.112584811723,-0.000237225411586,0.0443082403973,0.0820886389507,0.137,-0.128
EBIT Margin,-0.0311641664906,0.0590643642863,-0.177555958863,-0.020046598289,0.072903644768,-0.0251362670897,-0.00571805447795,0.0348681533208,0.0827,-0.209
Profit Margin,-0.0349672512149,0.0305711480857,-0.191354823841,-0.0304176152405,0.0582555946479,-0.0277196174414,-0.0279928402474,0.00834915925994,0.051,-0.229
Free Cash Flow margin,-0.0803401648003,0.012535555164,0.0123031413986,-0.0117106023673,0.080190902114,-0.0184382591643,0.015298979413,-0.0169828903057,0.0863,0.0005
EBITDA,31100000.0,178107000.0,-149433000.0,41029000.0,217406000.0,-345000.0,56365000.0,111347000.0,160279000.0,-115325000.0
EBIT,-59000000.0,93858000.0,-234213000.0,-39088000.0,140780000.0,-36556000.0,-7274000.0,47296000.0,96729000.0,-187949000.0
Consolidated Income,-66200000.0,48580000.0,-252415000.0,-59310000.0,112494000.0,-40313000.0,-35610000.0,11325000.0,59971000.0,-205982000.0
Earnings Before Tax Margin,-0.0372913585464,0.0348446900093,-0.190179774906,-0.02108975171,0.0670606853709,0.0130969055492,-0.0230506614596,-0.0540295659764,0.0608,-0.2428
Net Profit Margin,-0.0349672512149,0.0305711480857,-0.191354823841,-0.0304176152405,0.0582555946479,-0.0277196174414,-0.0279928402474,0.00834915925994,0.0513,-0.2291
