Date,2019-12-31,2018-12-31,2017-12-31,2016-12-31,2015-12-31,2014-12-31,2013-12-31,2012-12-31,2011-12-31,2010-12-31,2009-12-31
Revenue,4590000000.0,4429000000.0,4130000000.0,3685000000.0,4308300000.0,4743200000.0,5474700000.0,6104000000.0,6097900000.0,3965000000.0,2608400000.0
Revenue Growth,0.0,0.0,0.0,0.0,0.0,0.0,0.0,0.0,0.0,0.0,-0.3348
Cost of Revenue,3416000000.0,3512000000.0,3700000000.0,2845000000.0,2761200000.0,2964700000.0,2954500000.0,2990700000.0,3202300000.0,2785500000.0,1769000000.0
Gross Profit,1174000000.0,917000000.0,430000000.0,840000000.0,1547100000.0,1778500000.0,2520200000.0,3113300000.0,2895600000.0,1179500000.0,839400000.0
R&D Expenses,0.0,0.0,0.0,0.0,0.0,0.0,0.0,0.0,0.0,0.0,0.0
SG&A Expense,239000000.0,214000000.0,192000000.0,174000000.0,169800000.0,151900000.0,166000000.0,151800000.0,130000000.0,106100000.0,62900000.0
Operating Expenses,239000000.0,214000000.0,192000000.0,174000000.0,169800000.0,151900000.0,166000000.0,151800000.0,130000000.0,106100000.0,159600000.0
Operating Income,1003000000.0,766000000.0,229000000.0,134000000.0,1193100000.0,2366500000.0,2411700000.0,2959400000.0,2790500000.0,895700000.0,679800000.0
Interest Expense,237000000.0,241000000.0,315000000.0,200000000.0,133200000.0,178200000.0,152200000.0,135300000.0,147200000.0,221300000.0,1500000.0
Earnings before Tax,772000000.0,331000000.0,585000000.0,-226000000.0,1057600000.0,2187300000.0,1539100000.0,1973800000.0,1714400000.0,687700000.0,611600000.0
Income Tax Expense,126000000.0,119000000.0,-575000000.0,-68000000.0,395800000.0,773000000.0,686500000.0,964200000.0,926500000.0,273700000.0,246000000.0
Net Income - Non-Controlling int,0.0,0.0,0.0,0.0,0.0,0.0,0.0,0.0,0.0,0.0,82900000.0
Net Income - Discontinued ops,0.0,0.0,0.0,0.0,0.0,0.0,0.0,0.0,0.0,0.0,0.0
Net Income,493000000.0,290000000.0,358000000.0,-277000000.0,699900000.0,1390300000.0,1464600000.0,1848700000.0,1539200000.0,349200000.0,365600000.0
Preferred Dividends,0.0,0.0,0.0,0.0,0.0,0.0,0.0,0.0,0.0,0.0,0.0
Net Income Com,493000000.0,290000000.0,358000000.0,-277000000.0,699900000.0,1390300000.0,1464600000.0,1848700000.0,1539200000.0,349200000.0,365600000.0
EPS,2.24,1.25,1.53,-1.19,2.97,27.16,24.87,28.94,22.18,5.4,1.508
EPS Diluted,2.23,1.24,1.53,-1.19,2.96,27.08,24.74,28.59,21.98,5.34,1.484
Weighted Average Shs Out,220200000.0,232600000.0,233500000.0,233100000.0,235300000.0,51200000.0,58900000.0,63900000.0,69400000.0,64700000.0,242793050.0
Weighted Average Shs Out (Dil),221600000.0,233800000.0,233900000.0,233100000.0,236100000.0,51300000.0,59200000.0,64700000.0,70000000.0,65400000.0,242500000.0
Dividend per Share,1.19584837545,1.19760479042,1.19709277469,1.2012012012,1.1956797967,4.98440545809,2.18074324324,1.58732612056,0.981428571429,0.400611620795,0.08
Gross Margin,0.255773420479,0.207044479566,0.10411622276,0.227951153324,0.359097555881,0.374957834373,0.460335726159,0.51004259502,0.474851998229,0.297477931904,0.3218
EBITDA Margin,0.409150326797,0.373447730865,0.269249394673,0.220352781547,0.388250586078,0.581674818688,0.515516831973,0.553604193971,0.525869561652,0.325472887768,0.274
EBIT Margin,0.218518518519,0.172951004741,0.0554479418886,0.0363636363636,0.276930575865,0.498924776522,0.440517288619,0.484829619921,0.457616556519,0.225901639344,0.235
Profit Margin,0.107407407407,0.0654775344322,0.0866828087167,-0.0751696065129,0.162453868115,0.293114353179,0.267521508028,0.302866972477,0.252414765739,0.0880706179067,0.14
Free Cash Flow margin,0.239869281046,0.242718446602,0.280387409201,-0.432564450475,-0.29375855906,-0.0843101703491,0.117449357956,0.303423984273,0.300382098755,0.236141235813,0.1746
EBITDA,1878000000.0,1654000000.0,1112000000.0,812000000.0,1672700000.0,2759000000.0,2822300000.0,3379200000.0,3206700000.0,1290500000.0,714100000.0
EBIT,1003000000.0,766000000.0,229000000.0,134000000.0,1193100000.0,2366500000.0,2411700000.0,2959400000.0,2790500000.0,895700000.0,613100000.0
Consolidated Income,493000000.0,290000000.0,358000000.0,-277000000.0,699900000.0,1390300000.0,1464600000.0,1848700000.0,1539200000.0,349200000.0,448500000.0
Earnings Before Tax Margin,0.168191721133,0.0747347030932,0.141646489104,-0.0613297150611,0.245479655549,0.461144375105,0.281129559611,0.323361730013,0.281145968284,0.173442622951,0.2345
Net Profit Margin,0.107407407407,0.0654775344322,0.0866828087167,-0.0751696065129,0.162453868115,0.293114353179,0.267521508028,0.302866972477,0.252414765739,0.0880706179067,0.1402
