Date,2018-12-31,2017-12-31,2016-12-31,2015-12-31,2014-12-31,2013-12-31,2012-12-31,2011-12-31,2010-12-31,2009-12-31
Revenue,806338000.0,747950000.0,520753000.0,450557000.0,486270000.0,353886000.0,324279000.0,0.0,0.0,175727000.0
Revenue Growth,0.0780640417140183,0.436285532680561,0.155798267477811,-0.0734427375737759,0.374086570251437,0.0913010093160519,0.0,0.0,-1,-0.2759
Cost of Revenue,206052000.0,168698000.0,115590000.0,102571000.0,121020000.0,84080000.0,79495000.0,0.0,0.0,56387000.0
Gross Profit,600286000.0,579252000.0,405163000.0,347986000.0,365250000.0,269806000.0,244784000.0,0.0,0.0,119340000.0
R&D Expenses,116445000.0,99205000.0,78269000.0,69791000.0,59920000.0,48087000.0,41549000.0,0.0,0.0,31132000.0
SG&A Expense,262699000.0,220728000.0,166110000.0,156674000.0,161667000.0,135351000.0,119828000.0,0.0,0.0,96350000.0
Operating Expenses,379144000.0,319933000.0,244379000.0,226465000.0,221587000.0,183438000.0,161377000.0,0.0,0.0,132008000.0
Operating Income,221142000.0,259319000.0,160784000.0,121521000.0,143663000.0,86368000.0,83407000.0,0.0,0.0,-12668000.0
Interest Expense,0.0,0.0,0.0,0.0,0.0,0.0,0.0,0.0,0.0,0.0
Earnings before Tax,234574000.0,266922000.0,168795000.0,126962000.0,147397000.0,29576000.0,86630000.0,0.0,0.0,-10376000.0
Income Tax Expense,15307000.0,89744000.0,18968000.0,19298000.0,25912000.0,14313000.0,18532000.0,0.0,0.0,-5507000.0
Net Income - Non-Controlling int,0.0,0.0,0.0,0.0,0.0,0.0,0.0,0.0,0.0,0.0
Net Income - Discontinued ops,0.0,0.0,0.0,0.0,0.0,0.0,0.0,0.0,0.0,0.0
Net Income,219267000.0,177178000.0,149572000.0,187074000.0,121485000.0,73573000.0,68098000.0,0.0,0.0,-4869000.0
Preferred Dividends,0.0,0.0,0.0,0.0,0.0,0.0,0.0,0.0,0.0,0.0
Net Income Com,219267000.0,177178000.0,149572000.0,187074000.0,121485000.0,73573000.0,68098000.0,0.0,0.0,-4869000.0
EPS,1.27,1.02,1.75,2.17,1.4,0.85,1.59,0.0,0.0,-0.03
EPS Diluted,1.24,0.99,1.72,2.13,1.36,0.83,1.56,0.0,0.0,-0.03
Weighted Average Shs Out,172333000.0,173287000.0,85338000.0,86296000.0,86858000.0,86946000.0,42833000.0,0.0,0.0,158646252.0
Weighted Average Shs Out (Dil),177406000.0,179551000.0,87072000.0,87991000.0,89071000.0,88901000.0,43640000.0,0.0,0.0,158636000.0
Dividend per Share,0.179616247478,0.161720068393,0.289564957736,0.205270993624,0.0,0.0,1.5172548121,0.0,0.0,0.075
Gross Margin,0.744459519457,0.774452837757,0.778032963804,0.772346229223,0.7511259177,0.762409363467,0.754856157815,0.0,0.0,0.6791
EBITDA Margin,0.300845303086,0.369149007287,0.336954371842,0.300772155354,0.317327821992,0.2754276801,0.27300565254,0.0,0.0,-0.005
EBIT Margin,0.274254717005,0.346706330637,0.308752902048,0.269712822129,0.295438748021,0.244055995434,0.257207528085,0.0,0.0,-0.059
Profit Margin,0.271929389412,0.236884818504,0.287222541205,0.415206067157,0.249830341168,0.207900284272,0.209998180579,0.0,0.0,-0.028
Free Cash Flow margin,0.231117719864,0.261473360519,0.325038934005,0.222247129664,0.277697575421,0.242521603002,0.2814027427,0.0,0.0,0.0388
EBITDA,242583000.0,276105000.0,175470000.0,135515000.0,154307000.0,97470000.0,88530000.0,0.0,0.0,-796000.0
EBIT,221142000.0,259319000.0,160784000.0,121521000.0,143663000.0,86368000.0,83407000.0,0.0,0.0,-10376000.0
Consolidated Income,219267000.0,177178000.0,149572000.0,187074000.0,121485000.0,73573000.0,68098000.0,0.0,0.0,-4869000.0
Earnings Before Tax Margin,0.290912743787,0.356871448626,0.324136394798,0.281788985633,0.303117609558,0.0835749365615,0.26714650039,0.0,0.0,-0.059
Net Profit Margin,0.271929389412,0.236884818504,0.287222541205,0.415206067157,0.249830341168,0.207900284272,0.209998180579,0.0,0.0,-0.0277
