Date,2018-12-31,2017-12-31,2016-12-31,2015-12-31,2014-12-31,2013-12-31,2012-12-31,2011-12-31,2010-12-31,2009-12-31
Revenue,5407000000.0,5732000000.0,5449000000.0,5142000000.0,4945000000.0,4531000000.0,4111000000.0,3803000000.0,3772000000.0,3903000000.0
Revenue Growth,-0.0566992323796232,0.0519361350706552,0.0597043951769739,0.0398382204246714,0.0913705583756345,0.102164923376307,0.0809886931369971,0.00821845174973489,-0.0335639251857545,0.0207
Cost of Revenue,3490000000.0,3390000000.0,3107000000.0,2808000000.0,2856000000.0,2505000000.0,2322000000.0,2524000000.0,2180000000.0,2242000000.0
Gross Profit,1917000000.0,2342000000.0,2342000000.0,2334000000.0,2089000000.0,2026000000.0,1789000000.0,1279000000.0,1592000000.0,1661000000.0
R&D Expenses,0.0,0.0,0.0,0.0,0.0,0.0,0.0,0.0,0.0,0.0
SG&A Expense,0.0,0.0,0.0,0.0,0.0,0.0,0.0,0.0,0.0,1024000000.0
Operating Expenses,0.0,0.0,0.0,0.0,0.0,0.0,0.0,0.0,0.0,1024000000.0
Operating Income,251000000.0,730000000.0,812000000.0,881000000.0,721000000.0,714000000.0,566000000.0,176000000.0,501000000.0,637000000.0
Interest Expense,53000000.0,53000000.0,53000000.0,53000000.0,53000000.0,54000000.0,54000000.0,54000000.0,54000000.0,55000000.0
Earnings before Tax,251000000.0,730000000.0,812000000.0,881000000.0,721000000.0,714000000.0,566000000.0,176000000.0,501000000.0,582000000.0
Income Tax Expense,-36000000.0,-315000000.0,221000000.0,247000000.0,196000000.0,197000000.0,145000000.0,10000000.0,124000000.0,150000000.0
Net Income - Non-Controlling int,0.0,0.0,0.0,0.0,0.0,0.0,0.0,0.0,0.0,0.0
Net Income - Discontinued ops,0.0,0.0,0.0,0.0,0.0,0.0,0.0,0.0,0.0,0.0
Net Income,287000000.0,1045000000.0,591000000.0,634000000.0,525000000.0,517000000.0,421000000.0,166000000.0,377000000.0,432000000.0
Preferred Dividends,0.0,0.0,0.0,0.0,0.0,0.0,0.0,0.0,0.0,0.0
Net Income Com,287000000.0,1045000000.0,591000000.0,634000000.0,525000000.0,517000000.0,421000000.0,166000000.0,377000000.0,432000000.0
EPS,1.76,6.36,3.59,3.87,3.21,3.16,2.59,1.02,2.32,2.66
EPS Diluted,1.75,6.29,3.55,3.83,3.18,3.12,2.57,1.02,2.31,2.65
Weighted Average Shs Out,163200000.0,164200000.0,164500000.0,164000000.0,163500000.0,163500000.0,162504000.0,162667354.0,0.0,162701291.0
Weighted Average Shs Out (Dil),164500000.0,166000000.0,166500000.0,165600000.0,165100000.0,165400000.0,163661000.0,163259222.0,0.0,162701291.0
Dividend per Share,2.04255319149,2.40963855422,1.83783783784,2.21014492754,1.68382798304,1.59008464329,1.5642089441,1.56193320583,0.0,1.57
Gross Margin,0.354540410579,0.408583391486,0.429803633694,0.453908984831,0.422446916077,0.447141911278,0.43517392362,0.33631343676,0.422057264051,0.4256
EBITDA Margin,0.0580728685038,0.136950453594,0.157827124243,0.181446907818,0.156117290192,0.168616199514,0.148382388713,0.0573231659216,0.143690349947,0.173
EBIT Margin,0.0464213057148,0.127355198883,0.149018168471,0.171334111241,0.145803842265,0.157581107923,0.13767939674,0.0462792532211,0.13282078473,0.1632
Profit Margin,0.0530793415942,0.182309839498,0.108460267939,0.123298327499,0.106167846309,0.114102847054,0.102408173194,0.0436497501972,0.0999469777306,0.111
Free Cash Flow margin,0.214721657111,0.180739706909,0.200036703982,0.204978607546,0.174721941355,0.17413374531,0.1537338847,0.0631080725743,0.136267232238,0.1238
EBITDA,314000000.0,785000000.0,860000000.0,933000000.0,772000000.0,764000000.0,610000000.0,218000000.0,542000000.0,675000000.0
EBIT,251000000.0,730000000.0,812000000.0,881000000.0,721000000.0,714000000.0,566000000.0,176000000.0,501000000.0,637000000.0
Consolidated Income,287000000.0,1045000000.0,591000000.0,634000000.0,525000000.0,517000000.0,421000000.0,166000000.0,377000000.0,432000000.0
Earnings Before Tax Margin,0.0464213057148,0.127355198883,0.149018168471,0.171334111241,0.145803842265,0.157581107923,0.13767939674,0.0462792532211,0.13282078473,0.1491
Net Profit Margin,0.0530793415942,0.182309839498,0.108460267939,0.123298327499,0.106167846309,0.114102847054,0.102408173194,0.0436497501972,0.0999469777306,0.1107
