Date,2018-12-31,2017-12-31,2016-12-31,2015-12-31,2014-12-31,2013-12-31,2012-12-31,2011-12-31,2010-12-31,2009-12-31
Revenue,1194763.0,1144585.0,863402.0,1062101.0,2618741.0,2113828.0,3262987.0,1984914.0,1671354.0,1722132.0
Revenue Growth,0.0438394702009899,0.325668691988205,-0.187081077976577,-0.594423045272518,0.238861913079021,-0.352180073043503,0.643893387824359,0.187608370219594,-0.0294855446620817,-0.4838
Cost of Revenue,-747120.0,2172.0,12276.0,-164326.0,90424.0,126054.0,52006.0,118131.0,137502.0,213252.0
Gross Profit,1941883.0,1142413.0,851126.0,1226427.0,2528317.0,1987774.0,3210981.0,1866783.0,1533852.0,1508880.0
R&D Expenses,0.0,0.0,0.0,0.0,0.0,0.0,0.0,0.0,0.0,0.0
SG&A Expense,573532.0,495040.0,614002.0,501159.0,520540.0,503280.0,480897.0,417301.0,411015.0,378250.0
Operating Expenses,573532.0,601284.0,663766.0,575729.0,619567.0,619133.0,700121.0,556102.0,474956.0,427719.0
Operating Income,1368351.0,541129.0,187360.0,650698.0,1908750.0,1368641.0,2510860.0,1310681.0,1058896.0,1081161.0
Interest Expense,0.0,0.0,0.0,0.0,0.0,0.0,0.0,0.0,0.0,0.0
Earnings before Tax,1465853.0,586087.0,222311.0,673806.0,1926007.0,1385615.0,2649835.0,1376712.0,1295785.0,1154540.0
Income Tax Expense,350793.0,63224.0,51637.0,210778.0,641133.0,415844.0,844773.0,424935.0,378902.0,307648.0
Net Income - Non-Controlling int,0.0,0.0,0.0,0.0,0.0,0.0,0.0,0.0,0.0,0.0
Net Income - Discontinued ops,0.0,0.0,0.0,0.0,0.0,0.0,0.0,0.0,0.0,0.0
Net Income,1115060.0,522863.0,170674.0,463028.0,1284874.0,969771.0,2236597.0,951777.0,916883.0,846892.0
Preferred Dividends,0.0,0.0,0.0,0.0,0.0,0.0,0.0,0.0,0.0,0.0
Net Income Com,1115060.0,522863.0,170674.0,463028.0,1284874.0,969771.0,2236597.0,951777.0,916883.0,846892.0
EPS,0.57,0.27,0.09,0.24,0.66,0.5,1.15,0.49,0.47,0.44
EPS Diluted,0.57,0.27,0.09,0.24,0.66,0.5,1.15,0.49,0.47,0.44
Weighted Average Shs Out,1942495.0,1942495.0,1942495.0,1942495.0,1942495.0,1942495.0,0.0,0.0,1942495.0,1942495.0
Weighted Average Shs Out (Dil),1942495.0,1942495.0,1942495.0,1942495.0,1942495.0,1942495.0,0.0,0.0,1942495.0,1942495.0
Dividend per Share,0.119999794079,0.100000257401,0.0,0.100000257401,0.280000205921,0.280000205921,0.0,0.0,0.28,0.28
Gross Margin,1.62532904015,0.998102368981,0.985781825847,1.15471786582,0.965470430256,0.940366955116,0.984061842723,0.940485582751,0.9177,0.8762
EBITDA Margin,1.14854243059,0.473813652983,0.217542929018,0.612651715797,0.754535099118,0.695649314892,0.774343875719,0.693741895115,0.814,0.699
EBIT Margin,1.14529073967,0.472773101168,0.217002045397,0.612651715797,0.728880786607,0.647470371288,0.769497396098,0.660321303593,0.7753,0.6704
Profit Margin,0.933289698459,0.45681447861,0.197676169386,0.435954772663,0.490645695775,0.458774791516,0.685444655464,0.479505409302,0.549,0.492
Free Cash Flow margin,0.15578319717,0.338876536037,0.32523320539,0.416131799142,0.550020410571,0.557519817128,0.608652440233,0.503123057221,0.0956,0.5489
EBITDA,1372236.0,542320.0,187827.0,650698.0,1975932.0,1470483.0,2526674.0,1377018.0,1359726.0,1204009.0
EBIT,1368351.0,541129.0,187360.0,650698.0,1908750.0,1368641.0,2510860.0,1310681.0,1295785.0,1154540.0
Consolidated Income,1115060.0,522863.0,170674.0,463028.0,1284874.0,969771.0,2236597.0,951777.0,916883.0,846892.0
Earnings Before Tax Margin,1.22689855645,0.512051966433,0.257482609491,0.634408592027,0.735470594457,0.655500352914,0.812088739551,0.693587732264,0.7753,0.6704
Net Profit Margin,0.933289698459,0.45681447861,0.197676169386,0.435954772663,0.490645695775,0.458774791516,0.685444655464,0.479505409302,0.5486,0.4918
