Date,2018-12-31,2017-12-31,2016-12-31,2015-12-31,2014-12-31,2013-12-31,2012-12-31,2011-12-31,2010-12-31,2009-12-31
Revenue,60116000000.0,48382000000.0,40607000000.0,22760000000.0,16560000000.0,10863329000.0,8667612000.0,5340582000.0,4448323000.0,4102864000.0
Revenue Growth,0.242528212971766,0.191469451079863,0.784138840070299,0.3743961352657,0.524394593959181,0.253324329700037,0.622971428956619,0.200583231028862,0.0841994762682848,0.2195
Cost of Revenue,51906000000.0,42737000000.0,35210000000.0,20014000000.0,14656000000.0,9654775000.0,7990129000.0,4563254000.0,3743431000.0,3516808000.0
Gross Profit,8210000000.0,5645000000.0,5397000000.0,2746000000.0,1904000000.0,1208554000.0,677483000.0,777328000.0,704892000.0,586056000.0
R&D Expenses,0.0,0.0,0.0,0.0,0.0,0.0,0.0,0.0,0.0,0.0
SG&A Expense,6043000000.0,4446000000.0,3676000000.0,1826000000.0,1314000000.0,931137000.0,704604000.0,587004000.0,547823000.0,447921000.0
Operating Expenses,6752000000.0,4446000000.0,4137000000.0,2041000000.0,1440000000.0,931137000.0,704604000.0,587004000.0,547823000.0,447921000.0
Operating Income,1458000000.0,1199000000.0,1260000000.0,705000000.0,464000000.0,277417000.0,-27121000.0,190324000.0,157069000.0,138135000.0
Interest Expense,343000000.0,255000000.0,217000000.0,43000000.0,35000000.0,26957000.0,20460000.0,20320000.0,17992000.0,16318000.0
Earnings before Tax,1368000000.0,1134000000.0,1157000000.0,697000000.0,457000000.0,161837000.0,-11624000.0,174885000.0,154282000.0,132512000.0
Income Tax Expense,474000000.0,326000000.0,599000000.0,339000000.0,196000000.0,107080000.0,-329000.0,66522000.0,59900000.0,48841000.0
Net Income - Non-Controlling int,0.0,0.0,0.0,0.0,0.0,0.0,0.0,0.0,0.0,2574000.0
Net Income - Discontinued ops,0.0,0.0,0.0,0.0,0.0,0.0,0.0,0.0,0.0,0.0
Net Income,900000000.0,828000000.0,562000000.0,355000000.0,271000000.0,165099000.0,1859000.0,111218000.0,94836000.0,83671000.0
Preferred Dividends,0.0,0.0,0.0,0.0,0.0,0.0,0.0,0.0,0.0,0.0
Net Income Com,900000000.0,828000000.0,562000000.0,355000000.0,271000000.0,165099000.0,1859000.0,111218000.0,94836000.0,83671000.0
EPS,2.31,4.8,3.52,2.98,2.33,3.05,0.04,2.22,1.95,0.485
EPS Diluted,2.26,4.69,3.43,2.88,2.25,2.94,0.03,2.12,1.88,0.472
Weighted Average Shs Out,390248000.0,172427000.0,159567607.0,119100744.0,116345764.0,54126545.0,51509366.0,50198954.0,48754947.0,181613476.0
Weighted Average Shs Out (Dil),398506000.0,176702000.0,163975407.0,123066370.0,120360212.0,56247173.0,53714375.0,52474238.0,50447888.0,172139164.0
Dividend per Share,0.0,0.0,0.0,0.0,0.0,0.0,0.0,0.0,0.0,0.0
Gross Margin,0.136569299355,0.116675623166,0.13290811929,0.12065026362,0.114975845411,0.111250796142,0.0781625896498,0.145551177756,0.158462413813,0.1428
EBITDA Margin,0.0324871914299,0.0322433963044,0.0378752431847,0.0358523725835,0.0333937198068,0.0317432160989,0.00447008933949,0.0465587832937,0.0469995097029,0.047
EBIT Margin,0.0242531106527,0.0247819436981,0.0310291329081,0.0309753954306,0.0280193236715,0.0255370154029,-0.00312900485162,0.035637314435,0.0353097110979,0.0363
Profit Margin,0.0149710559585,0.0171138026539,0.0138399783289,0.0155975395431,0.0163647342995,0.01519782748,0.000214476605552,0.0208250711252,0.0213194950097,0.02
Free Cash Flow margin,0.00929868920088,0.0220536563185,0.0380476272564,0.0223198594025,0.0676328502415,0.0289681919787,0.0226760265688,0.0360827715032,0.0237455778279,0.0402
EBITDA,1953000000.0,1560000000.0,1538000000.0,816000000.0,553000000.0,344837000.0,38745000.0,248651000.0,209069000.0,192834000.0
EBIT,1458000000.0,1199000000.0,1260000000.0,705000000.0,464000000.0,277417000.0,-27121000.0,190324000.0,157069000.0,148830000.0
Consolidated Income,900000000.0,828000000.0,562000000.0,355000000.0,271000000.0,165099000.0,1859000.0,111218000.0,94836000.0,86245000.0
Earnings Before Tax Margin,0.0227560050569,0.0234384688521,0.0284926244244,0.0306239015817,0.0275966183575,0.0148975512018,-0.00134108448786,0.032746431007,0.0346831828534,0.0323
Net Profit Margin,0.0149710559585,0.0171138026539,0.0138399783289,0.0155975395431,0.0163647342995,0.01519782748,0.000214476605552,0.0208250711252,0.0213194950097,0.0204
