Date,2018-12-31,2017-12-31,2016-12-31,2015-12-31,2014-12-31,2013-12-31,2012-12-31,2011-12-31,2010-12-31,2009-12-31
Revenue,1691673000.0,1269729000.0,978309000.0,805384000.0,982300000.0,985539000.0,884721000.0,0.0,504659000.0,503400000.0
Revenue Growth,0.332310280382664,0.297881344237863,0.214711243332373,-0.180103837931386,-0.00328652645912541,0.113954568728447,0.0,-1,0.00250099324592769,-0.6728
Cost of Revenue,1117485000.0,822020000.0,517072000.0,426333000.0,688631000.0,679708000.0,605867000.0,0.0,366297000.0,351335000.0
Gross Profit,574188000.0,447709000.0,326570000.0,253873000.0,293669000.0,305831000.0,278854000.0,0.0,138362000.0,152065000.0
R&D Expenses,1600000.0,1900000.0,1700000.0,4400000.0,15700000.0,16000000.0,11800000.0,0.0,0.0,0.0
SG&A Expense,392500000.0,318484000.0,217830000.0,146957000.0,181683000.0,167738000.0,161141000.0,0.0,81585000.0,100453000.0
Operating Expenses,462176000.0,372387000.0,254599000.0,181886000.0,230989000.0,213370000.0,203209000.0,0.0,184535000.0,126353000.0
Operating Income,69318000.0,27204000.0,19061000.0,41214000.0,55658000.0,122906000.0,53817000.0,0.0,-46173000.0,25712000.0
Interest Expense,55577000.0,27793000.0,24672000.0,25942000.0,27097000.0,19415000.0,25055000.0,0.0,9695000.0,9891000.0
Earnings before Tax,3500000.0,-7407000.0,63218000.0,15296000.0,299419000.0,78816000.0,5753000.0,0.0,-40238000.0,-16494000.0
Income Tax Expense,6548000.0,-40679000.0,9469000.0,14974000.0,8264000.0,20729000.0,21069000.0,0.0,8519000.0,9776000.0
Net Income - Non-Controlling int,0.0,0.0,0.0,0.0,0.0,0.0,0.0,0.0,3987000.0,-13375000.0
Net Income - Discontinued ops,0.0,0.0,0.0,0.0,0.0,0.0,0.0,0.0,0.0,0.0
Net Income,-5702000.0,27991000.0,54685000.0,161838000.0,278835000.0,68064000.0,-3942000.0,0.0,-48757000.0,-26270000.0
Preferred Dividends,0.0,0.0,0.0,0.0,0.0,0.0,0.0,0.0,0.0,0.0
Net Income Com,-5702000.0,27991000.0,54685000.0,161838000.0,278835000.0,68064000.0,-3942000.0,0.0,-48757000.0,-26270000.0
EPS,-0.42,-0.44,0.51,2.61,5.38,1.05,-0.06,0.0,-1.19,-0.76
EPS Diluted,-0.42,-0.44,0.51,2.61,5.38,1.05,-0.06,0.0,-1.19,-0.76
Weighted Average Shs Out,59900000.0,59900000.0,54591000.0,54300000.0,49089000.0,48300000.0,48300000.0,0.0,41875000.0,36625000.0
Weighted Average Shs Out (Dil),59900000.0,59900000.0,54591000.0,54300000.0,49089000.0,48300000.0,48300000.0,0.0,40928000.0,34403000.0
Dividend per Share,0.0,0.0,0.0,0.0,0.0,0.0,1.44,0.0,1.36,1.36
Gross Margin,0.339420207097,0.352602011925,0.333810687625,0.315219820607,0.298960602667,0.310318516061,0.315188630088,0.0,0.2742,0.3021
EBITDA Margin,0.114901638792,0.112041230845,0.110630690303,0.123697515719,0.116541789677,0.175030110427,0.121434893034,0.0,0.023,0.052
EBIT Margin,0.0409760042278,0.0214250442417,0.0194836191837,0.0511731050033,0.0566608978927,0.124709422966,0.0608293462007,0.0,-0.0605,-0.0131
Profit Margin,-0.00337062777499,0.0220448615413,0.0558974720666,0.200945139213,0.283859309783,0.0690627159351,-0.00445564194814,0.0,-0.097,-0.052
Free Cash Flow margin,0.0379133555953,0.0291432266255,0.0893408933169,0.0843821084104,0.0564318436323,0.0527264775925,0.0384528003744,0.0,0.0717,0.033
EBITDA,194376000.0,142262000.0,108231000.0,99624000.0,114479000.0,172499000.0,107436000.0,0.0,11577000.0,26393000.0
EBIT,69318000.0,27204000.0,19061000.0,41214000.0,55658000.0,122906000.0,53817000.0,0.0,-30543000.0,-6603000.0
Consolidated Income,-5702000.0,27991000.0,54685000.0,161838000.0,278835000.0,68064000.0,-3942000.0,0.0,-44770000.0,-39645000.0
Earnings Before Tax Margin,0.00206895777139,-0.00583352825682,0.0646196651569,0.018992182611,0.304814211544,0.0799724820631,0.00650261494867,0.0,-0.0797,-0.0328
Net Profit Margin,-0.00337062777499,0.0220448615413,0.0558974720666,0.200945139213,0.283859309783,0.0690627159351,-0.00445564194814,0.0,-0.0966,-0.0522
