Date,2018-12-31,2017-12-31,2016-12-31,2015-12-31,2014-12-31,2013-12-31,2012-12-31,2011-12-31,2010-12-31,2009-12-31
Revenue,16395300000.0,15687600000.0,14529400000.0,11069400000.0,10280100000.0,9767600000.0,8892400000.0,8114900000.0,7266800000.0,6531600000.0
Revenue Growth,0.0451120630306739,0.0797142345864248,0.312573400545648,0.0767794087606152,0.0524693885908514,0.0984211236561558,0.0958114086433597,0.116708867727198,0.112560475228122,0.0805
Cost of Revenue,15527800000.0,14895900000.0,13792500000.0,10431500000.0,9706400000.0,9230500000.0,8415600000.0,7680800000.0,6881500000.0,6130000000.0
Gross Profit,867500000.0,791700000.0,736900000.0,637900000.0,573700000.0,537100000.0,476800000.0,434100000.0,385300000.0,401600000.0
R&D Expenses,0.0,0.0,0.0,0.0,0.0,0.0,0.0,0.0,0.0,0.0
SG&A Expense,245100000.0,241500000.0,210300000.0,196000000.0,184400000.0,168300000.0,153700000.0,150800000.0,354300000.0,334600000.0
Operating Expenses,795700000.0,754100000.0,646800000.0,551200000.0,505400000.0,468100000.0,419400000.0,388400000.0,356400000.0,336600000.0
Operating Income,71800000.0,37600000.0,90100000.0,86700000.0,68300000.0,69000000.0,57400000.0,45700000.0,28900000.0,65000000.0
Interest Expense,13700000.0,11300000.0,5300000.0,2500000.0,2400000.0,2700000.0,2200000.0,2400000.0,2600000.0,1700000.0
Earnings before Tax,59900000.0,28400000.0,85500000.0,82900000.0,66400000.0,66000000.0,55400000.0,43200000.0,27200000.0,65800000.0
Income Tax Expense,14400000.0,-5100000.0,31300000.0,31400000.0,23700000.0,24400000.0,21500000.0,17000000.0,9500000.0,18500000.0
Net Income - Non-Controlling int,0.0,0.0,0.0,0.0,0.0,0.0,0.0,0.0,0.0,0.0
Net Income - Discontinued ops,0.0,0.0,0.0,0.0,0.0,0.0,0.0,0.0,0.0,0.0
Net Income,45500000.0,33500000.0,54200000.0,51500000.0,42700000.0,41600000.0,33900000.0,26200000.0,17700000.0,47300000.0
Preferred Dividends,0.0,0.0,0.0,0.0,0.0,0.0,0.0,0.0,0.0,0.0
Net Income Com,45500000.0,33500000.0,54200000.0,51500000.0,42700000.0,41600000.0,33900000.0,26200000.0,17700000.0,47300000.0
EPS,0.99,0.72,1.17,2.23,1.85,3.62,2.96,2.3,0.41,1.133
EPS Diluted,0.99,0.72,1.17,2.21,1.83,3.58,2.91,2.23,0.388,1.087
Weighted Average Shs Out,46000000.0,46300000.0,46300000.0,23100000.0,23100000.0,11500000.0,11500000.0,11400000.0,43529744.0,41754068.0
Weighted Average Shs Out (Dil),46100000.0,46400000.0,46500000.0,23300000.0,23300000.0,11600000.0,11600000.0,11700000.0,43200000.0,42000000.0
Dividend per Share,0.409978308026,0.370689655172,0.333333333333,0.549356223176,0.459227467811,0.612068965517,0.887931034483,0.162393162393,0.0,0.0
Gross Margin,0.0529115051265,0.0504666105714,0.0507178548323,0.0576273330081,0.0558068501279,0.0549879192432,0.0536188205659,0.0534941897004,0.053,0.0615
EBITDA Margin,0.0080571871207,0.00591550014024,0.0091882665492,0.0112833577249,0.00978589702435,0.00988983987878,0.00934505870181,0.00845358537998,0.007,0.013
EBIT Margin,0.00437930382488,0.00239679747061,0.00620121959613,0.00783240284026,0.00664390424218,0.00706417134199,0.00645495029463,0.0056316159164,0.0041,0.0103
Profit Margin,0.00277518557147,0.00213544455494,0.00373036739301,0.00465246535494,0.00415365609284,0.00425897866415,0.00381224416356,0.00322862881859,0.002,0.007
Free Cash Flow margin,0.0116557794002,0.00289400545654,-0.0104821947224,0.00423690534266,0.001225669011,0.00420778901675,0.00479060770995,-0.00157734537702,0.0083,0.0018
EBITDA,132100000.0,92800000.0,133500000.0,124900000.0,100600000.0,96600000.0,83100000.0,68600000.0,49500000.0,86200000.0
EBIT,71800000.0,37600000.0,90100000.0,86700000.0,68300000.0,69000000.0,57400000.0,45700000.0,29800000.0,67500000.0
Consolidated Income,45500000.0,33500000.0,54200000.0,51500000.0,42700000.0,41600000.0,33900000.0,26200000.0,17700000.0,47300000.0
Earnings Before Tax Margin,0.00365348606003,0.00181034702568,0.00588462014949,0.00748911413446,0.00645908113734,0.00675703345755,0.00623003913454,0.00532354064745,0.0037,0.0101
Net Profit Margin,0.00277518557147,0.00213544455494,0.00373036739301,0.00465246535494,0.00415365609284,0.00425897866415,0.00381224416356,0.00322862881859,0.0024,0.0072
