Date,2018-12-31,2017-12-31,2016-12-31,2015-12-31,2014-12-31,2013-12-31,2012-12-31,2011-12-31,2010-12-31,2009-12-31
Revenue,500000.0,0.0,0.0,0.0,0.0,0.0,0.0,0.0,0.0,0.0
Revenue Growth,0.0,0.0,0.0,0.0,0.0,0.0,0.0,0.0,0.0,0.0
Cost of Revenue,0.0,0.0,0.0,0.0,0.0,0.0,0.0,0.0,0.0,0.0
Gross Profit,0.0,0.0,0.0,0.0,0.0,0.0,0.0,0.0,0.0,0.0
R&D Expenses,19919204.0,11375237.0,11369941.0,11801342.0,10117774.0,8096774.0,2659597.0,3383965.0,2306781.0,5097440.0
SG&A Expense,15875961.0,7304399.0,7910260.0,8597010.0,4473654.0,2214884.0,2561543.0,2698174.0,2206358.0,2177954.0
Operating Expenses,35795165.0,18679636.0,19280201.0,20398352.0,14591428.0,10311658.0,5221140.0,6082139.0,4513139.0,7275394.0
Operating Income,-35295165.0,-18679636.0,-19280201.0,-20398352.0,-14591428.0,-10311658.0,-5221140.0,-6082139.0,-4513139.0,-7275394.0
Interest Expense,0.0,0.0,0.0,0.0,0.0,0.0,0.0,0.0,0.0,0.0
Earnings before Tax,-34003514.0,-18412377.0,-18072452.0,-20232958.0,-15509061.0,-12154596.0,-4076386.0,-6391062.0,-4006323.0,-7241928.0
Income Tax Expense,0.0,0.0,0.0,0.0,0.0,0.0,0.0,0.0,0.0,0.0
Net Income - Non-Controlling int,0.0,0.0,0.0,0.0,0.0,0.0,0.0,0.0,0.0,0.0
Net Income - Discontinued ops,0.0,0.0,0.0,0.0,0.0,0.0,0.0,0.0,0.0,0.0
Net Income,-34003514.0,-18412377.0,-18072452.0,-20232958.0,-15509061.0,-12154596.0,-4076386.0,-6391062.0,-4006323.0,-7241928.0
Preferred Dividends,0.0,0.0,0.0,0.0,0.0,0.0,0.0,0.0,0.0,0.0
Net Income Com,-34003514.0,-18412377.0,-18072452.0,-20232958.0,-15509061.0,-12154596.0,-4076386.0,-6391062.0,-4006323.0,-7241928.0
EPS,-0.33,-0.21,-0.22,-0.25,-0.24,-0.27,-0.14,-0.29,-0.22,-0.48
EPS Diluted,-0.33,-0.21,-0.22,-0.25,-0.24,-0.27,-0.14,-0.29,-0.22,-0.48
Weighted Average Shs Out,102633884.0,85802487.0,82875281.0,80858393.0,64142534.0,45452447.0,0.0,21728292.0,19394737.0,18038385.0
Weighted Average Shs Out (Dil),102633884.0,85802487.0,82875281.0,80858393.0,64142534.0,45452447.0,0.0,21728292.0,18580223.0,15066799.0
Dividend per Share,0.0,0.0,0.0,0.0,0.0,0.0,0.0,0.0,0.0,0.0
Gross Margin,0.0,0.0,0.0,0.0,0.0,0.0,0.0,0.0,0.0,0.0
EBITDA Margin,-70.514374,0.0,0.0,0.0,0.0,0.0,0.0,0.0,,
EBIT Margin,-70.59033,0.0,0.0,0.0,0.0,0.0,0.0,0.0,0.0,0.0
Profit Margin,-68.007028,0.0,0.0,0.0,0.0,0.0,0.0,0.0,,
Free Cash Flow margin,-51.592848,0.0,0.0,0.0,0.0,0.0,0.0,0.0,0.0,0.0
EBITDA,-35257187.0,-18633947.0,-19236795.0,-20363884.0,-14564854.0,-10289175.0,-5210251.0,-6039304.0,-3980582.0,-7211701.0
EBIT,-35295165.0,-18679636.0,-19280201.0,-20398352.0,-14591428.0,-10311658.0,-5221140.0,-6082139.0,-4006323.0,-7241928.0
Consolidated Income,-34003514.0,-18412377.0,-18072452.0,-20232958.0,-15509061.0,-12154596.0,-4076386.0,-6391062.0,-4006323.0,-7241928.0
Earnings Before Tax Margin,-68.007028,0.0,0.0,0.0,0.0,0.0,0.0,0.0,0.0,0.0
Net Profit Margin,-68.007028,0.0,0.0,0.0,0.0,0.0,0.0,0.0,0.0,0.0
