Date,2018-12-31,2017-12-31,2016-12-31,2015-12-31,2014-12-31,2013-12-31,2012-12-31,2011-12-31,2010-12-31,2009-12-31
Revenue,954505000.0,217817000.0,206780000.0,219831000.0,211253000.0,199650000.0,196811000.0,187587000.0,0.0,628091000.0
Revenue Growth,3.38214188975149,0.0533755682367734,-0.0593683329466727,0.0406053405158743,0.0581167042324067,0.0144250067323473,0.0491718509278362,0.0,-1,0.0594
Cost of Revenue,343579000.0,217817000.0,206780000.0,219831000.0,211253000.0,199650000.0,196811000.0,187587000.0,0.0,261341000.0
Gross Profit,610926000.0,0.0,0.0,0.0,0.0,0.0,0.0,0.0,0.0,366750000.0
R&D Expenses,0.0,0.0,0.0,0.0,0.0,0.0,0.0,0.0,0.0,0.0
SG&A Expense,50735000.0,50587000.0,47415000.0,46233000.0,51005000.0,40586000.0,37528000.0,35456000.0,0.0,31243000.0
Operating Expenses,50735000.0,50587000.0,47415000.0,46233000.0,51005000.0,40586000.0,37528000.0,35456000.0,0.0,214697000.0
Operating Income,156128000.0,196422000.0,819823000.0,249315000.0,292089000.0,336364000.0,283390000.0,49379000.0,0.0,152053000.0
Interest Expense,84263000.0,86750000.0,93145000.0,97312000.0,93263000.0,98129000.0,104282000.0,112414000.0,0.0,128296000.0
Earnings before Tax,162118000.0,202084000.0,457001000.0,260134000.0,303217000.0,157442000.0,170545000.0,33128000.0,0.0,-42833000.0
Income Tax Expense,1424000.0,1224000.0,1617000.0,1872000.0,1903000.0,1826000.0,1208000.0,2220000.0,0.0,967000.0
Net Income - Non-Controlling int,0.0,0.0,0.0,0.0,0.0,0.0,0.0,0.0,0.0,-403000.0
Net Income - Discontinued ops,0.0,0.0,0.0,0.0,0.0,0.0,0.0,0.0,0.0,-24401000.0
Net Income,156128000.0,196422000.0,819823000.0,249315000.0,292089000.0,336364000.0,283390000.0,49379000.0,-8584000.0,-43800000.0
Preferred Dividends,0.0,0.0,0.0,0.0,0.0,0.0,0.0,0.0,0.0,7000000.0
Net Income Com,156128000.0,196422000.0,819823000.0,249315000.0,292089000.0,336364000.0,283390000.0,49379000.0,-8584000.0,-50800000.0
EPS,1.63,2.14,9.08,2.77,3.29,3.82,3.35,0.67,0.0,-0.8
EPS Diluted,1.63,2.13,9.05,2.76,3.27,3.78,3.3,0.66,0.0,-0.8
Weighted Average Shs Out,95208000.0,91499000.0,89580000.0,89120000.0,88084000.0,87204000.0,83772000.0,72756000.0,0.0,64174961.0
Weighted Average Shs Out (Dil),95366000.0,92515000.0,89903000.0,89490000.0,88468000.0,88494000.0,85556000.0,73701000.0,0.0,62359000.0
Dividend per Share,3.12485581864,3.0347619305,7.37865254775,2.82857302492,2.67344124429,2.48698216828,2.20928982187,2.06567075074,0.0,2.05
Gross Margin,0.640044839996,0.0,0.0,0.0,0.0,0.0,0.0,0.0,0.0,0.5839
EBITDA Margin,0.478859723103,0.0,0.0,0.0,0.0,0.0,0.0,0.0,0.0,0.411
EBIT Margin,0.163569598902,0.0,0.0,0.0,0.0,0.0,0.0,0.0,0.0,0.1361
Profit Margin,0.163569598902,0.0,0.0,0.0,0.0,0.0,0.0,0.0,0.0,-0.081
Free Cash Flow margin,0.527757319239,1.99550999233,2.14267820872,1.92528806219,1.98116949818,2.02499874781,1.64760607893,1.30517573179,0.0,0.2307
EBITDA,457074000.0,460396000.0,1069969000.0,506397000.0,531078000.0,559562000.0,496870000.0,237047000.0,0.0,257878000.0
EBIT,156128000.0,196422000.0,819823000.0,249315000.0,292089000.0,336364000.0,283390000.0,49379000.0,0.0,85463000.0
Consolidated Income,156128000.0,196422000.0,819823000.0,249315000.0,292089000.0,336364000.0,283390000.0,49379000.0,-8584000.0,-44203000.0
Earnings Before Tax Margin,0.169845102959,0.0,0.0,0.0,0.0,0.0,0.0,0.0,0.0,-0.0682
Net Profit Margin,0.163569598902,0.0,0.0,0.0,0.0,0.0,0.0,0.0,0.0,-0.0697
