Date,2018-12-31,2017-12-31,2016-12-31,2015-12-31,2014-12-31,2013-12-31,2012-12-31,2011-12-31,2010-12-31,2009-12-31
Revenue,10428000.0,9898000.0,7527000.0,7878407.0,9843481.0,15002032.0,16971991.0,14762580.0,15999565.0,8589940.0
Revenue Growth,0.053546170943625,0.314999335724724,-0.0446038139436056,-0.199632020420418,-0.343856818862938,-0.116071178684929,0.149662931547196,-0.0773136644652526,0.862593335925513,0.0267
Cost of Revenue,-37000.0,0.0,17989000.0,24347815.0,0.0,0.0,9676482.0,0.0,0.0,0.0
Gross Profit,10465000.0,9898000.0,-10462000.0,-16469408.0,9843481.0,15002032.0,7295509.0,14762580.0,15999565.0,8589940.0
R&D Expenses,24413000.0,45096000.0,31590000.0,26699370.0,13659398.0,12926834.0,15492302.0,13692659.0,11372850.0,9932768.0
SG&A Expense,14785000.0,14066000.0,15588000.0,12906334.0,11706754.0,11293811.0,10423014.0,8272424.0,10264459.0,8702082.0
Operating Expenses,39798000.0,59658000.0,47577000.0,40011460.0,25705730.0,24418441.0,25915316.0,21965083.0,21637309.0,18634850.0
Operating Income,-29333000.0,-49760000.0,-58039000.0,-56480868.0,-15862249.0,-9416409.0,-18619807.0,-7202503.0,-5637744.0,-10044910.0
Interest Expense,3926000.0,3966000.0,2777000.0,3325016.0,3748374.0,3841646.0,204167.0,0.0,0.0,0.0
Earnings before Tax,0.0,0.0,0.0,0.0,0.0,0.0,0.0,0.0,-4435310.0,-9822601.0
Income Tax Expense,0.0,0.0,0.0,0.0,0.0,0.0,0.0,0.0,0.0,0.0
Net Income - Non-Controlling int,0.0,0.0,0.0,0.0,0.0,0.0,0.0,0.0,0.0,0.0
Net Income - Discontinued ops,0.0,0.0,0.0,0.0,0.0,0.0,0.0,0.0,0.0,0.0
Net Income,-32575000.0,-53317000.0,-60411000.0,-58981030.0,-18728734.0,-12322012.0,-16416907.0,-9858895.0,-4435310.0,-9822601.0
Preferred Dividends,0.0,0.0,0.0,0.0,0.0,0.0,0.0,0.0,0.0,0.0
Net Income Com,-32575000.0,-53317000.0,-60411000.0,-58981030.0,-18728734.0,-12322012.0,-16416907.0,-9858895.0,-4435310.0,-9822601.0
EPS,-0.98,-0.36,-0.45,-0.48,-0.22,-0.15,-0.21,-0.13,-0.3,-0.75
EPS Diluted,-0.98,-0.36,-0.45,-0.48,-0.22,-0.15,-0.21,-0.13,-0.3,-0.75
Weighted Average Shs Out,33118393.0,149133466.0,132785687.0,123365195.0,85974535.0,82339493.0,79059153.0,76351856.0,15127738.0,13313601.0
Weighted Average Shs Out (Dil),33118393.0,149133466.0,132785687.0,123365195.0,85974535.0,82339493.0,79059153.0,76351856.0,14991832.0,13012103.0
Dividend per Share,0.0,0.0,0.0,0.0,0.0,0.0,0.0,0.0,0.0,0.0
Gross Margin,1.00354813962,1.0,-1.38992958682,-2.09044899559,1.0,1.0,0.429855813617,1.0,1.0,1.0
EBITDA Margin,-2.77627541235,-4.98716912508,-7.70014614056,-7.16046264175,-1.60387346712,-0.617599135904,-1.06367826851,-0.497286314452,-0.234,-1.056
EBIT Margin,-2.81290755658,-5.02727823803,-7.71077454497,-7.16907212334,-1.61144710901,-0.627675570883,-1.09709031781,-0.487889176553,-0.2772,-1.1435
Profit Margin,-3.12380130418,-5.38664376642,-8.02590673575,-7.4864157183,-1.90265354299,-0.82135620028,-0.967294114167,-0.667830081192,-0.277,-1.144
Free Cash Flow margin,-2.8946106636,-4.90432410588,-4.80138169257,-3.80010514816,-1.71737548942,-0.646084877035,-0.901383933093,-0.32675196341,-0.1128,-0.8857
EBITDA,-28951000.0,-49363000.0,-57959000.0,-56413039.0,-15787698.0,-9265242.0,-18052738.0,-7341229.0,-3748815.0,-9071388.0
EBIT,-29333000.0,-49760000.0,-58039000.0,-56480868.0,-15862249.0,-9416409.0,-18619807.0,-7202503.0,-4435310.0,-9822601.0
Consolidated Income,-32575000.0,-53317000.0,-60411000.0,-58981030.0,-18728734.0,-12322012.0,-16416907.0,-9858895.0,-4435310.0,-9822601.0
Earnings Before Tax Margin,0.0,0.0,0.0,0.0,0.0,0.0,0.0,0.0,-0.2772,-1.1435
Net Profit Margin,-3.12380130418,-5.38664376642,-8.02590673575,-7.4864157183,-1.90265354299,-0.82135620028,-0.967294114167,-0.667830081192,-0.2772,-1.1435
