Date,2019-04-30,2018-04-30,2017-04-30,2016-04-30,2015-04-30,2014-04-30,2013-04-30,2012-04-30,2011-04-30,2010-04-30
Revenue,669122000.0,612201000.0,587751000.0,567906000.0,530321000.0,489187000.0,464676000.0,430177000.0,379251000.0,338930000.0
Revenue Growth,0.0929776331629645,0.0415992486614229,0.0349441632946297,0.0708721698744723,0.0840864536465605,0.052748581807539,0.0801972211438547,0.134280463334309,0.118965568111409,0.1337
Cost of Revenue,502022000.0,474272000.0,463569000.0,312769000.0,279196000.0,257677000.0,244916000.0,228097000.0,195985000.0,173106000.0
Gross Profit,167100000.0,137929000.0,124182000.0,255137000.0,251125000.0,231510000.0,219760000.0,202080000.0,183266000.0,165824000.0
R&D Expenses,0.0,0.0,0.0,0.0,0.0,0.0,0.0,0.0,0.0,0.0
SG&A Expense,107249000.0,99023000.0,91940000.0,92242000.0,83802000.0,78591000.0,73069000.0,67663000.0,62141000.0,57207000.0
Operating Expenses,107249000.0,99023000.0,91940000.0,236639000.0,204091000.0,197838000.0,169104000.0,149301000.0,64124000.0,59276000.0
Operating Income,59851000.0,38906000.0,32242000.0,18498000.0,47034000.0,33672000.0,50656000.0,52779000.0,119142000.0,106548000.0
Interest Expense,7883000.0,5599000.0,4069000.0,3306000.0,2903000.0,2997000.0,2937000.0,2285000.0,2625000.0,2319000.0
Earnings before Tax,59851000.0,38906000.0,32242000.0,18498000.0,47034000.0,33672000.0,50656000.0,52779000.0,45046000.0,41952000.0
Income Tax Expense,12226000.0,2397000.0,12037000.0,6902000.0,17544000.0,12543000.0,18491000.0,19792000.0,16831000.0,15113000.0
Net Income - Non-Controlling int,0.0,0.0,0.0,0.0,0.0,0.0,0.0,0.0,0.0,0.0
Net Income - Discontinued ops,0.0,0.0,0.0,0.0,0.0,0.0,0.0,0.0,0.0,0.0
Net Income,47585000.0,36469000.0,20165000.0,11556000.0,29490000.0,21129000.0,32165000.0,32987000.0,28215000.0,26839000.0
Preferred Dividends,40000.0,40000.0,40000.0,40000.0,0.0,0.0,0.0,0.0,40000.0,40000.0
Net Income Com,47585000.0,36469000.0,20165000.0,11556000.0,29490000.0,21129000.0,32165000.0,32987000.0,28175000.0,26799000.0
EPS,6.99,5.04,2.57,1.38,3.42,2.36,3.53,3.36,2.59,2.29
EPS Diluted,6.73,4.9,2.49,1.33,3.25,2.25,3.36,3.24,2.54,2.27
Weighted Average Shs Out,6810879.0,7232014.0,7854238.0,8370478.0,8617864.0,8930592.0,9111851.0,9793616.0,10603239.0,11566981.0
Weighted Average Shs Out (Dil),7071768.0,7441358.0,8110777.0,8666031.0,9048957.0,9391667.0,9569702.0,10156355.0,10861403.0,11681880.0
Dividend per Share,0.00565629415445,0.00537536293779,0.00493170999523,0.00461572316093,0.00442039894764,0.00425909479116,0.00417985847417,0.00393842082125,0.0,0.0
Gross Margin,0.249730243513,0.225300187357,0.211283349582,0.44925920839,0.473533953964,0.473254604068,0.472931677126,0.469760121996,0.4832,0.4893
EBITDA Margin,0.0957538386124,0.0709178848123,0.0625537004616,0.0403587917719,0.0962662236645,0.0759750361314,0.115545024921,0.128528489436,0.131,0.136
EBIT Margin,0.0894470664542,0.063551023275,0.0548565634087,0.0325722918934,0.0886896804011,0.0688325732286,0.109013592266,0.122691357279,0.1257,0.1306
Profit Margin,0.071115581314,0.0595703045242,0.0343087463909,0.0203484379457,0.0556078299747,0.0431920717435,0.0692202739113,0.0766823888771,0.074,0.079
Free Cash Flow margin,0.0311946102504,0.0126363726946,0.00977795018639,0.017185942744,0.0157979789599,0.0302133948776,-0.0151976861297,0.0168395799868,0.0318,0.0079
EBITDA,64071000.0,43416000.0,36766000.0,22920000.0,51052000.0,37166000.0,53691000.0,55290000.0,49599000.0,45965000.0
EBIT,59851000.0,38906000.0,32242000.0,18498000.0,47034000.0,33672000.0,50656000.0,52779000.0,47671000.0,44271000.0
Consolidated Income,47585000.0,36469000.0,20165000.0,11556000.0,29490000.0,21129000.0,32165000.0,32987000.0,28215000.0,26839000.0
Earnings Before Tax Margin,0.0894470664542,0.063551023275,0.0548565634087,0.0325722918934,0.0886896804011,0.0688325732286,0.109013592266,0.122691357279,0.1188,0.1238
Net Profit Margin,0.071115581314,0.0595703045242,0.0343087463909,0.0203484379457,0.0556078299747,0.0431920717435,0.0692202739113,0.0766823888771,0.0744,0.0792
