Date,2018-12-31,2017-12-31,2016-12-31,2015-12-31,2014-12-31,2013-12-31,2012-12-31,2011-12-31,2010-12-31,2009-12-31
Revenue,575871000.0,588147000.0,538543000.0,499515000.0,447402000.0,356554000.0,296564000.0,259671000.0,198791000.0,162634000.0
Revenue Growth,-0.0208723329371739,0.0921077796944719,0.0781317878341992,0.11647913956576,0.254794505180141,0.202283486869613,0.142075934547947,0.30625128904226,0.222321285831991,
Cost of Revenue,412457000.0,390924000.0,326057000.0,299290000.0,257751000.0,194436000.0,169169000.0,155377000.0,120503000.0,108853000.0
Gross Profit,163414000.0,197223000.0,212486000.0,200225000.0,189651000.0,162118000.0,127395000.0,104294000.0,78288000.0,53781000.0
R&D Expenses,3635000.0,4164000.0,3290000.0,3052000.0,2628000.0,2002000.0,2100000.0,2487000.0,2273000.0,1964000.0
SG&A Expense,118109000.0,127719000.0,110524000.0,96133000.0,91981000.0,84113000.0,75334000.0,64061000.0,36944000.0,31689000.0
Operating Expenses,130647000.0,156680000.0,119682000.0,103839000.0,94609000.0,86115000.0,77434000.0,66548000.0,39217000.0,33653000.0
Operating Income,32767000.0,40543000.0,92804000.0,96386000.0,95042000.0,76003000.0,49961000.0,37746000.0,39071000.0,20128000.0
Interest Expense,3639000.0,5583000.0,3318000.0,3085000.0,1045000.0,1314000.0,2773000.0,4775000.0,2370000.0,8693000.0
Earnings before Tax,28965000.0,33604000.0,87599000.0,91609000.0,92177000.0,73680000.0,46453000.0,32652000.0,36057000.0,11142000.0
Income Tax Expense,4560000.0,7402000.0,13003000.0,13843000.0,13738000.0,10336000.0,6821000.0,3600000.0,7399000.0,3752000.0
Net Income - Non-Controlling int,163000.0,1356000.0,1887000.0,1692000.0,1820000.0,1009000.0,735000.0,252000.0,348000.0,0.0
Net Income - Discontinued ops,0.0,0.0,0.0,0.0,0.0,0.0,0.0,0.0,0.0,0.0
Net Income,24405000.0,26202000.0,74596000.0,77766000.0,78439000.0,63344000.0,39632000.0,29052000.0,28658000.0,7390000.0
Preferred Dividends,0.0,0.0,0.0,0.0,0.0,0.0,0.0,8376000.0,8312000.0,2337000.0
Net Income Com,24405000.0,26202000.0,74596000.0,77766000.0,78439000.0,63344000.0,39632000.0,20676000.0,20346000.0,5053000.0
EPS,0.72,0.73,2.08,2.21,2.25,1.83,1.21,1.06,1.04,0.26
EPS Diluted,0.72,0.73,2.08,2.19,2.22,1.8,1.21,1.06,1.04,0.26
Weighted Average Shs Out,34338960.0,34321573.0,35294755.0,35132127.0,34739315.0,34365250.0,32366250.0,32366250.0,,
Weighted Average Shs Out (Dil),34358000.0,34334000.0,34706000.0,35253000.0,34932000.0,34667000.0,32642000.0,19565000.0,19565000.0,19565000.0
Dividend per Share,0.59,0.0,0.0,0.0,0.57,0.58,0.0,0.0,0.0,0.0
Gross Margin,0.2838,0.3353,0.3946,0.4008,0.4239,0.4547,0.4296,0.4016,0.3938,0.3307
EBITDA Margin,0.106,0.118,0.221,0.234,0.247,0.252,0.214,0.2,0.244,0.18
EBIT Margin,0.0566,0.0666,0.1688,0.1896,0.2084,0.2103,0.166,0.1441,0.1933,0.122
Profit Margin,0.042,0.045,0.139,0.156,0.175,0.178,0.134,0.08,0.102,0.031
Free Cash Flow margin,-0.0108,0.0652,0.1459,0.0183,-0.0231,0.1355,0.0735,0.0749,0.2071,0.2294
EBITDA,61195000.0,69113000.0,119171000.0,117028000.0,110398000.0,89988000.0,63594000.0,52042000.0,48461000.0,29332000.0
EBIT,32604000.0,39187000.0,90917000.0,94694000.0,93222000.0,74994000.0,49226000.0,37427000.0,38427000.0,19835000.0
Consolidated Income,24568000.0,27558000.0,76483000.0,79458000.0,80259000.0,64353000.0,40367000.0,29304000.0,29006000.0,7390000.0
Earnings Before Tax Margin,0.0503,0.0571,0.1627,0.1834,0.206,0.2066,0.1566,0.1257,0.1814,0.0685
Net Profit Margin,0.0424,0.0446,0.1385,0.1557,0.1753,0.1777,0.1336,0.1119,0.1442,0.0454
