Date,2018-12-31,2017-12-31,2016-12-31,2015-12-31,2014-12-31,2013-12-31,2012-12-31,2011-12-31,2010-12-31,2009-12-31
Revenue,460018000.0,0.0,447448000.0,412177000.0,383925000.0,350362000.0,13483000.0,0.0,211929000.0,191991000.0
Revenue Growth,0.0,-1,0.085572460375033,0.0735872891840854,0.0957952061011183,24.9854631758511,0.0,-1,0.103848617903964,-0.0066
Cost of Revenue,74242000.0,88487000.0,73770000.0,63042000.0,57466000.0,48057000.0,0.0,0.0,166756000.0,148689000.0
Gross Profit,385776000.0,-88487000.0,373678000.0,349135000.0,326459000.0,302305000.0,0.0,0.0,45173000.0,43302000.0
R&D Expenses,0.0,0.0,0.0,0.0,0.0,0.0,0.0,0.0,0.0,0.0
SG&A Expense,26961000.0,23574000.0,23671000.0,20351000.0,19622000.0,20238000.0,0.0,0.0,11535000.0,11883000.0
Operating Expenses,378173000.0,370668000.0,359288000.0,330300000.0,312559000.0,291055000.0,0.0,0.0,26658000.0,26690000.0
Operating Income,7603000.0,7842000.0,14390000.0,18835000.0,13900000.0,11250000.0,0.0,0.0,18515000.0,16612000.0
Interest Expense,0.0,0.0,0.0,0.0,0.0,0.0,0.0,0.0,11241000.0,11819000.0
Earnings before Tax,-55367000.0,-41672000.0,-27582000.0,-13384000.0,-23407000.0,-10745000.0,-4500000.0,0.0,7675000.0,4967000.0
Income Tax Expense,-1771000.0,2496000.0,435000.0,900000.0,719000.0,5759000.0,-1031000.0,0.0,3421000.0,2208000.0
Net Income - Non-Controlling int,0.0,0.0,0.0,0.0,0.0,0.0,0.0,0.0,0.0,0.0
Net Income - Discontinued ops,0.0,0.0,0.0,0.0,0.0,0.0,0.0,0.0,0.0,0.0
Net Income,-53596000.0,-44168000.0,-28017000.0,-14284000.0,-24126000.0,-16504000.0,0.0,0.0,4254000.0,2759000.0
Preferred Dividends,0.0,0.0,0.0,0.0,0.0,0.0,0.0,0.0,0.0,0.0
Net Income Com,-53596000.0,-44168000.0,-28017000.0,-14284000.0,-24126000.0,-16504000.0,0.0,0.0,4254000.0,2759000.0
EPS,-1.8,-1.5,-0.97,-0.5,-0.83,-0.58,0.0,0.0,0.16,0.1
EPS Diluted,-1.8,-1.5,-0.97,-0.5,-0.83,-0.58,0.0,0.0,0.16,0.1
Weighted Average Shs Out,29812000.0,29453000.0,28909000.0,28688000.0,28301000.0,27815000.0,0.0,0.0,27080429.0,27237184.0
Weighted Average Shs Out (Dil),29812000.0,29453000.0,28909000.0,28688000.0,28301000.0,27815000.0,0.0,0.0,26587000.0,26257000.0
Dividend per Share,0.0,0.0,0.0,0.0,0.0,0.0,0.0,0.0,0.0,0.0
Gross Margin,0.838610663061,0.0,0.835131680106,0.847051145503,0.850319723904,0.862836152322,0.0,0.0,0.2132,0.2255
EBITDA Margin,0.163165354399,0.0,0.172913947543,0.180267215298,0.171851273035,0.161981036756,0.0,0.0,0.155,0.156
EBIT Margin,0.0165276141368,0.0,0.0321601616277,0.0456963877169,0.0362049879534,0.0321096465941,0.0,0.0,0.0893,0.0874
Profit Margin,-0.116508484451,0.0,-0.0626150971733,-0.0346550147146,-0.0628403985153,-0.0471055651012,0.0,0.0,0.02,0.014
Free Cash Flow margin,0.0324009060515,0.0,-0.0225545761742,0.0156850091102,0.0718109005665,0.0830055770888,0.0,0.0,0.0335,0.0603
EBITDA,75059000.0,77862000.0,77370000.0,74302000.0,65978000.0,56752000.0,0.0,0.0,32946000.0,30037000.0
EBIT,7603000.0,7842000.0,14390000.0,18835000.0,13900000.0,11250000.0,0.0,0.0,18916000.0,16786000.0
Consolidated Income,-53596000.0,-44168000.0,-28017000.0,-14284000.0,-24126000.0,-16504000.0,0.0,0.0,4254000.0,2759000.0
Earnings Before Tax Margin,-0.120358333804,0.0,-0.0616429171658,-0.0324714867642,-0.0609676369083,-0.0306682802359,-0.333753615664,0.0,0.0362,0.0259
Net Profit Margin,-0.116508484451,0.0,-0.0626150971733,-0.0346550147146,-0.0628403985153,-0.0471055651012,0.0,0.0,0.0201,0.0144
