Date,2018-12-31,2017-12-31,2016-12-31,2015-12-31,2014-12-31,2013-12-31,2012-12-31,2011-12-31,2010-12-31,2009-12-31
Revenue,267992000.0,258139000.0,248200000.0,242502000.0,226124000.0,213957000.0,204149000.0,0.0,181801000.0,177627000.0
Revenue Growth,0.0381693583689408,0.040044319097502,0.0234967134291676,0.0724292865861209,0.0568665666465692,0.0480433408931712,0.0,-1,0.0234986798178205,0.004
Cost of Revenue,192045000.0,181340000.0,168550000.0,164994000.0,156116000.0,149576000.0,142274000.0,0.0,134364000.0,131509000.0
Gross Profit,75947000.0,76799000.0,79650000.0,77508000.0,70008000.0,64381000.0,61875000.0,0.0,47437000.0,46118000.0
R&D Expenses,0.0,0.0,0.0,0.0,0.0,0.0,0.0,0.0,0.0,0.0
SG&A Expense,30827000.0,26253000.0,27944000.0,27114000.0,28915000.0,25922000.0,22494000.0,0.0,15437000.0,14412000.0
Operating Expenses,32640000.0,27858000.0,29446000.0,28860000.0,30293000.0,27378000.0,23458000.0,0.0,16792000.0,16003000.0
Operating Income,43307000.0,48941000.0,50204000.0,48648000.0,39715000.0,37003000.0,38417000.0,0.0,30645000.0,30115000.0
Interest Expense,21109000.0,12948000.0,11738000.0,10559000.0,10308000.0,12622000.0,17100000.0,0.0,18262000.0,18498000.0
Earnings before Tax,18266000.0,32782000.0,32241000.0,34590000.0,22701000.0,24462000.0,19249000.0,0.0,13449000.0,11845000.0
Income Tax Expense,5754000.0,13100000.0,12682000.0,13737000.0,8995000.0,9277000.0,7642000.0,0.0,5370000.0,4797000.0
Net Income - Non-Controlling int,0.0,0.0,0.0,0.0,0.0,0.0,0.0,0.0,0.0,0.0
Net Income - Discontinued ops,0.0,0.0,0.0,0.0,0.0,0.0,0.0,0.0,2000.0,0.0
Net Income,18266000.0,32782000.0,19581000.0,20853000.0,15838000.0,19296000.0,11403000.0,0.0,8079000.0,7048000.0
Preferred Dividends,0.0,0.0,0.0,0.0,0.0,4000.0,14000.0,0.0,14000.0,14000.0
Net Income Com,18266000.0,32782000.0,19581000.0,20853000.0,15838000.0,19296000.0,11403000.0,0.0,8065000.0,7034000.0
EPS,0.64,2.25,1.18,1.16,0.86,1.06,0.63,0.0,0.46,0.4
EPS Diluted,0.63,2.09,1.12,1.12,0.85,1.0,0.63,0.0,0.45,0.4
Weighted Average Shs Out,17971000.0,16438000.0,16515000.0,17791000.0,18108000.0,17826000.0,18126000.0,0.0,17781974.0,17327262.0
Weighted Average Shs Out (Dil),18374000.0,17715000.0,17460000.0,18313000.0,18257000.0,22393000.0,18226000.0,0.0,17635000.0,17573000.0
Dividend per Share,0.300043539784,0.209370589896,0.142726231386,0.0993283459837,0.100783261215,0.0811414281249,0.0989794798639,0.0,0.0,0.0
Gross Margin,0.283392787844,0.297510256102,0.320910556003,0.319617982532,0.309600042455,0.300906256865,0.303087450832,0.0,0.2609,0.2596
EBITDA Margin,0.231876324666,0.254668996161,0.267723609992,0.26123083521,0.232474217686,0.229546123754,0.240784916899,0.0,0.229,0.229
EBIT Margin,0.161598107406,0.189591654109,0.202272360999,0.200608654774,0.17563372309,0.172945965778,0.188181181392,0.0,0.1744,0.1708
Profit Margin,0.0681587510075,0.126993596473,0.0788920225624,0.0859910433728,0.0700412163238,0.0901863458545,0.055856261848,0.0,0.044,0.04
Free Cash Flow margin,0.132347234246,0.111703384611,0.131390008058,0.0831333349828,0.0570041216324,0.136242329066,0.0632087347966,0.0,0.085,0.0379
EBITDA,62141000.0,65740000.0,66449000.0,63349000.0,52568000.0,49113000.0,49156000.0,0.0,41664000.0,40682000.0
EBIT,43307000.0,48941000.0,50204000.0,48648000.0,39715000.0,37003000.0,38417000.0,0.0,31711000.0,30343000.0
Consolidated Income,18266000.0,32782000.0,19581000.0,20853000.0,15838000.0,19296000.0,11403000.0,0.0,8079000.0,7048000.0
Earnings Before Tax Margin,0.0681587510075,0.126993596473,0.129899274778,0.142637998862,0.100391820417,0.114331384344,0.0942889752093,0.0,0.074,0.0667
Net Profit Margin,0.0681587510075,0.126993596473,0.0788920225624,0.0859910433728,0.0700412163238,0.0901863458545,0.055856261848,0.0,0.0444,0.0397
