Date,2018-12-31,2017-12-31,2016-12-31,2015-12-31,2014-12-31,2013-12-31,2012-12-31,2011-12-31,2010-12-31,2009-12-31
Revenue,27239000.0,25565000.0,21167000.0,20222000.0,19730000.0,13580000.0,16810000.0,0.0,143696000.0,129462000.0
Revenue Growth,0.0654801486407197,0.207776255492039,0.046731282761349,0.0249366447034972,0.452871870397644,-0.19214753123141,0.0,-1,0.109947320449244,0.1361
Cost of Revenue,0.0,0.0,0.0,0.0,0.0,0.0,0.0,0.0,0.0,0.0
Gross Profit,0.0,0.0,0.0,0.0,0.0,0.0,0.0,0.0,143696000.0,129462000.0
R&D Expenses,0.0,0.0,0.0,0.0,0.0,0.0,0.0,0.0,0.0,0.0
SG&A Expense,0.0,0.0,0.0,0.0,0.0,0.0,0.0,0.0,83750000.0,79691000.0
Operating Expenses,0.0,0.0,0.0,0.0,0.0,0.0,0.0,0.0,96050000.0,93801000.0
Operating Income,70542000.0,68511000.0,66464000.0,64963000.0,62397000.0,65172000.0,65087000.0,55638000.0,47646000.0,35661000.0
Interest Expense,29295000.0,18294000.0,13555000.0,11773000.0,11797000.0,13440000.0,21588000.0,27005000.0,0.0,0.0
Earnings before Tax,70542000.0,68511000.0,66464000.0,64963000.0,62397000.0,65172000.0,65087000.0,55638000.0,47646000.0,35661000.0
Income Tax Expense,11314000.0,17018000.0,19118000.0,18531000.0,19146000.0,20000000.0,20225000.0,16811000.0,14612000.0,10602000.0
Net Income - Non-Controlling int,0.0,0.0,0.0,0.0,0.0,0.0,0.0,0.0,0.0,0.0
Net Income - Discontinued ops,0.0,0.0,0.0,0.0,0.0,0.0,0.0,0.0,0.0,0.0
Net Income,59228000.0,51493000.0,47346000.0,46432000.0,43251000.0,45172000.0,44862000.0,38827000.0,33034000.0,25059000.0
Preferred Dividends,0.0,0.0,0.0,0.0,0.0,0.0,0.0,0.0,0.0,0.0
Net Income Com,59228000.0,51493000.0,47346000.0,46432000.0,43251000.0,45172000.0,44862000.0,38827000.0,33034000.0,25059000.0
EPS,3.35,2.92,2.7,2.66,2.5,2.9,2.9,2.54,1.973,1.509
EPS Diluted,3.35,2.92,2.7,2.66,2.49,2.88,2.89,2.53,1.964,1.5
Weighted Average Shs Out,17687000.0,17631000.0,17548000.0,17431000.0,17326000.0,15598000.0,15466274.0,0.0,16775164.0,16671848.0
Weighted Average Shs Out (Dil),17703000.0,17653000.0,17566000.0,17483000.0,17397000.0,15673000.0,15520517.0,0.0,16757400.0,16671848.0
Dividend per Share,1.3780150257,1.30181838781,1.26323579642,1.22004232683,1.18238776801,1.56613283992,1.23803865554,0.0,1.1,1.091
Gross Margin,0.0,0.0,0.0,0.0,0.0,0.0,0.0,0.0,1.0,1.0
EBITDA Margin,2.55695877235,2.70217093683,3.20857939245,3.25373355751,3.2463253928,4.84226804124,3.80939916716,0.0,0.362,0.316
EBIT Margin,2.58974264841,2.67987482887,3.13998204753,3.21249134606,3.16254434871,4.79911634757,3.87192147531,0.0,0.3316,0.2755
Profit Margin,2.17438231947,2.01419910033,2.2367836727,2.2961131441,2.19214394323,3.3263622975,2.66876859012,0.0,0.23,0.194
Free Cash Flow margin,2.30019457396,2.34504204968,2.73666556432,2.60770448027,2.81028890015,6.52511045655,3.18828078525,0.0,0.4098,0.274
EBITDA,69649000.0,69081000.0,67916000.0,65797000.0,64050000.0,65758000.0,64036000.0,56135000.0,52023000.0,40900000.0
EBIT,70542000.0,68511000.0,66464000.0,64963000.0,62397000.0,65172000.0,65087000.0,55638000.0,47646000.0,35661000.0
Consolidated Income,59228000.0,51493000.0,47346000.0,46432000.0,43251000.0,45172000.0,44862000.0,38827000.0,33034000.0,25059000.0
Earnings Before Tax Margin,2.58974264841,2.67987482887,3.13998204753,3.21249134606,3.16254434871,4.79911634757,3.87192147531,0.0,0.3316,0.2755
Net Profit Margin,2.17438231947,2.01419910033,2.2367836727,2.2961131441,2.19214394323,3.3263622975,2.66876859012,0.0,0.2299,0.1936
