Date,2018-12-31,2017-12-31,2016-12-31,2015-12-31,2014-12-31,2013-12-31,2012-12-31,2011-12-31,2010-12-31,2009-12-31
Revenue,16125000000.0,14810000000.0,13487000000.0,12416000000.0,10262681000.0,8843189000.0,7346472000.0,6121156000.0,4592389000.0,3278663000.0
Revenue Growth,0.0887913571910871,0.0980944613331356,0.0862596649484536,0.209820318881587,0.160518111735484,0.203732757710095,0.200177221426802,0.332891442776298,0.400689549368142,0.1642
Cost of Revenue,9838000000.0,9152000000.0,8108000000.0,7440200000.0,6141118000.0,0.0,0.0,0.0,0.0,1849443000.0
Gross Profit,6287000000.0,5658000000.0,5379000000.0,4975800000.0,4121563000.0,0.0,0.0,0.0,0.0,1429220000.0
R&D Expenses,0.0,0.0,0.0,0.0,0.0,0.0,0.0,0.0,0.0,0.0
SG&A Expense,3026000000.0,2769000000.0,2731000000.0,2508600000.0,2037021000.0,1727609000.0,1557646000.0,1328665000.0,972093000.0,721359000.0
Operating Expenses,3026000000.0,2769000000.0,2731000000.0,2508600000.0,2037021000.0,1727609000.0,1557646000.0,1328665000.0,972093000.0,810730000.0
Operating Income,2801000000.0,2481000000.0,2289000000.0,2142000000.0,1884878000.0,1677910000.0,1361496000.0,1136468000.0,861852000.0,618490000.0
Interest Expense,27000000.0,23000000.0,19000000.0,17700000.0,2468000.0,0.0,0.0,0.0,0.0,0.0
Earnings before Tax,947000000.0,2655000000.0,2357000000.0,2163600000.0,1924031000.0,540738000.0,1387596000.0,1169149000.0,878580000.0,636951000.0
Income Tax Expense,698000000.0,1153000000.0,805000000.0,540000000.0,484764000.0,459339000.0,336333000.0,285531000.0,145040000.0,101988000.0
Net Income - Non-Controlling int,0.0,0.0,0.0,0.0,0.0,0.0,0.0,0.0,0.0,0.0
Net Income - Discontinued ops,0.0,0.0,0.0,0.0,0.0,0.0,0.0,0.0,0.0,0.0
Net Income,2101000000.0,1504000000.0,1553000000.0,1623600000.0,1439267000.0,1228578000.0,1051263000.0,883618000.0,733540000.0,534963000.0
Preferred Dividends,0.0,0.0,0.0,0.0,0.0,0.0,0.0,0.0,0.0,0.0
Net Income Com,2101000000.0,1504000000.0,1553000000.0,1623600000.0,1439267000.0,1228578000.0,1051263000.0,883618000.0,733540000.0,534963000.0
EPS,3.61,2.54,2.56,2.67,2.37,4.07,3.49,2.91,2.44,0.91
EPS Diluted,3.6,2.53,2.55,2.65,2.35,4.03,3.44,2.85,2.37,0.89
Weighted Average Shs Out,582000000.0,593000000.0,607000000.0,609100000.0,608126000.0,302007000.0,301291000.0,303277000.0,300781000.0,589426892.0
Weighted Average Shs Out (Dil),584000000.0,595000000.0,610000000.0,613300000.0,612489000.0,304831000.0,305861000.0,310351000.0,309137000.0,586608000.0
Dividend per Share,0.801369863014,0.445378151261,0.0,0.0,0.0,0.0,0.0,0.0,0.0,0.0
Gross Margin,0.389891472868,0.382039162728,0.39882850152,0.400757087629,0.401606851075,0.0,0.0,0.0,0.0,0.4359
EBITDA Margin,0.204589147287,0.197434166104,0.197820123081,0.199097938144,0.203937450653,0.210087107716,0.206641228606,0.205948516914,0.211659770111,0.222
EBIT Margin,0.173705426357,0.167521944632,0.169718988656,0.172519329897,0.183663313709,0.189740375333,0.185326507744,0.185662316072,0.187669642097,0.1943
Profit Margin,0.130294573643,0.101553004727,0.115147920219,0.130766752577,0.14024278841,0.138929293494,0.143097666472,0.144354759134,0.159729500267,0.163
Free Cash Flow margin,0.137364341085,0.143349088454,0.0979461703863,0.151457796392,0.122853570134,0.131417523701,0.114084420386,0.0958856464367,0.126109090497,0.1817
EBITDA,3299000000.0,2924000000.0,2668000000.0,2472000000.0,2092945000.0,1857840000.0,1518084000.0,1260643000.0,972024000.0,726322000.0
EBIT,2801000000.0,2481000000.0,2289000000.0,2142000000.0,1884878000.0,1677910000.0,1361496000.0,1136468000.0,861852000.0,636951000.0
Consolidated Income,2101000000.0,1504000000.0,1553000000.0,1623600000.0,1439267000.0,1228578000.0,1051263000.0,883618000.0,733540000.0,534963000.0
Earnings Before Tax Margin,0.0587286821705,0.179270762998,0.174760880848,0.174259020619,0.187478398676,0.0611473982972,0.188879233461,0.19100134027,0.19131219067,0.1943
Net Profit Margin,0.130294573643,0.101553004727,0.115147920219,0.130766752577,0.14024278841,0.138929293494,0.143097666472,0.144354759134,0.159729500267,0.1632
