Date,2019-03-31,2018-03-31,2017-03-31,2016-03-31,2015-03-31,2014-03-31,2013-03-31,2012-03-31,2011-03-31,2010-03-31
Revenue,30202000.0,34115000.0,32042000.0,31840000.0,33809000.0,28905000.0,27581000.0,24631000.0,16827000.0,15742000.0
Revenue Growth,-0.114700278469881,0.0646963360589227,0.00634422110552764,-0.0582389304623029,0.169659228507179,0.0480040607664697,0.119767772319435,0.463778451298508,0.0689238978528777,0.1285
Cost of Revenue,19736000.0,20744000.0,19818000.0,19974000.0,19343000.0,17341000.0,16623000.0,14857000.0,10486000.0,9109000.0
Gross Profit,10466000.0,13371000.0,12224000.0,11866000.0,14466000.0,11564000.0,10958000.0,9774000.0,6341000.0,6633000.0
R&D Expenses,923000.0,563000.0,593000.0,633000.0,517000.0,469000.0,258000.0,320000.0,282000.0,264000.0
SG&A Expense,12540000.0,11394000.0,12313000.0,12007000.0,13531000.0,10884000.0,8355000.0,6494000.0,4808000.0,4713000.0
Operating Expenses,13463000.0,11957000.0,12906000.0,12651000.0,14144000.0,11399000.0,8659000.0,6871000.0,5112000.0,5132000.0
Operating Income,-2997000.0,1414000.0,-682000.0,-785000.0,322000.0,165000.0,2299000.0,2903000.0,1229000.0,1501000.0
Interest Expense,0.0,0.0,0.0,0.0,0.0,0.0,0.0,0.0,70000.0,109000.0
Earnings before Tax,-3579000.0,915000.0,-1210000.0,-1067000.0,229000.0,47000.0,2188000.0,2853000.0,1163000.0,1415000.0
Income Tax Expense,17000.0,-110000.0,5000.0,3328000.0,253000.0,242000.0,-2021000.0,-779000.0,-567000.0,24000.0
Net Income - Non-Controlling int,0.0,0.0,0.0,0.0,0.0,0.0,0.0,0.0,0.0,0.0
Net Income - Discontinued ops,0.0,0.0,0.0,0.0,0.0,0.0,0.0,0.0,0.0,0.0
Net Income,-3596000.0,1025000.0,-1215000.0,-4395000.0,-24000.0,-195000.0,4209000.0,3632000.0,1730000.0,1391000.0
Preferred Dividends,0.0,0.0,0.0,0.0,0.0,0.0,0.0,0.0,0.0,0.0
Net Income Com,-3596000.0,1025000.0,-1215000.0,-4395000.0,-24000.0,-195000.0,4209000.0,3632000.0,1730000.0,1391000.0
EPS,-0.62,0.18,-0.21,-0.79,0.0,-0.04,0.77,0.67,0.32,0.26
EPS Diluted,-0.62,0.18,-0.21,-0.79,0.0,-0.03,0.74,0.66,0.32,0.26
Weighted Average Shs Out,5819000.0,5709000.0,5658000.0,5581000.0,5517000.0,5478000.0,5455000.0,5414000.0,5391968.0,5249270.0
Weighted Average Shs Out (Dil),5819000.0,5781000.0,5658000.0,5581000.0,5517000.0,5661000.0,5655000.0,5534000.0,5353000.0,5251000.0
Dividend per Share,0.0,0.0,0.0,0.0,0.0,0.0,0.0,0.0,0.0,0.0
Gross Margin,0.346533342163,0.391939029752,0.381499282192,0.372675879397,0.427874234671,0.400069192181,0.397302490845,0.396817019203,0.3768,0.4214
EBITDA Margin,-0.0337063770611,0.0985783379745,0.0425379189813,0.0256909547739,0.047945813245,0.0447673412904,0.117472172873,0.147781251269,0.11,0.129
EBIT Margin,-0.0992318389511,0.0414480433827,-0.0212845640097,-0.0246545226131,0.00952409121831,0.00570835495589,0.0833544831587,0.117859607811,0.0733,0.0968
Profit Margin,-0.119064962585,0.0300454345596,-0.037918981337,-0.138033919598,-0.000709870152918,-0.00674623767514,0.152605054204,0.14745645731,0.103,0.088
Free Cash Flow margin,-0.0423150784716,0.014216620255,0.0116409712253,-0.111746231156,-0.090478866574,-0.068085106383,-0.072404916428,0.123949494539,0.0733,0.0119
EBITDA,-1018000.0,3363000.0,1363000.0,818000.0,1621000.0,1294000.0,3240000.0,3640000.0,1850000.0,2036000.0
EBIT,-2997000.0,1414000.0,-682000.0,-785000.0,322000.0,165000.0,2299000.0,2903000.0,1233000.0,1524000.0
Consolidated Income,-3596000.0,1025000.0,-1215000.0,-4395000.0,-24000.0,-195000.0,4209000.0,3632000.0,1730000.0,1391000.0
Earnings Before Tax Margin,-0.118502085955,0.0268210464605,-0.0377629361463,-0.0335113065327,0.00677334437576,0.00162601626016,0.0793299735325,0.115829645569,0.0691,0.0899
Net Profit Margin,-0.119064962585,0.0300454345596,-0.037918981337,-0.138033919598,-0.000709870152918,-0.00674623767514,0.152605054204,0.14745645731,0.1028,0.0884
