Date,2018-12-31,2017-12-31,2016-12-31,2015-12-31,2014-12-31,2013-12-31,2012-12-31,2011-12-31,2010-12-31,2009-12-31
Revenue,0.0,843000.0,1944000.0,1734000.0,1084000.0,69000.0,69000.0,699000.0,112000.0,911000.0
Revenue Growth,-1,-0.566358024691358,0.121107266435986,0.599630996309963,14.7101449275362,0,-0.901287553648069,5.24107142857143,-0.877058177826564,0.0388
Cost of Revenue,0.0,0.0,-51000.0,-342000.0,-98000.0,-423000.0,-423000.0,360000.0,0.0,545000.0
Gross Profit,0.0,843000.0,1995000.0,2076000.0,1182000.0,492000.0,492000.0,339000.0,112000.0,366000.0
R&D Expenses,4237000.0,9477000.0,12382000.0,18277000.0,11277000.0,6592000.0,6592000.0,9206000.0,6414000.0,9766000.0
SG&A Expense,5254000.0,5516000.0,5732000.0,5894000.0,7781000.0,8580000.0,8580000.0,7521000.0,8833000.0,8538000.0
Operating Expenses,9491000.0,14993000.0,18165000.0,24513000.0,19156000.0,15595000.0,15595000.0,16727000.0,15247000.0,18670000.0
Operating Income,-9491000.0,-14150000.0,-16170000.0,-22437000.0,-17974000.0,-15103000.0,-15103000.0,-16388000.0,-15135000.0,-18304000.0
Interest Expense,0.0,0.0,0.0,0.0,0.0,0.0,0.0,0.0,43000.0,177000.0
Earnings before Tax,-8463000.0,-13774000.0,-16486000.0,-22649000.0,-11880000.0,-15107000.0,-15107000.0,-15808000.0,-16678000.0,-20518000.0
Income Tax Expense,-993000.0,-1983000.0,-2144000.0,-3243000.0,-1670000.0,-1351000.0,-1351000.0,-565000.0,-657000.0,-948000.0
Net Income - Non-Controlling int,0.0,0.0,0.0,0.0,0.0,0.0,0.0,0.0,0.0,0.0
Net Income - Discontinued ops,0.0,0.0,0.0,0.0,0.0,0.0,0.0,0.0,1131000.0,0.0
Net Income,-7470000.0,-11791000.0,-14342000.0,-19387000.0,-10153000.0,-13186000.0,-13186000.0,-15243000.0,-16021000.0,-19570000.0
Preferred Dividends,201000.0,200000.0,201000.0,0.0,0.0,0.0,0.0,364000.0,3682000.0,1228000.0
Net Income Com,-7470000.0,-11791000.0,-14342000.0,-19387000.0,-10153000.0,-13186000.0,-13186000.0,-15243000.0,-19703000.0,-20798000.0
EPS,-1.95,-3.5,-5.36,-0.89,-1.28,-1.68,-1.68,-0.32,-43.68,-78.96
EPS Diluted,-1.95,-3.5,-5.36,-0.89,-1.28,-1.68,-1.68,-0.32,-43.68,-78.96
Weighted Average Shs Out,7631152.0,3424976.0,2713096.0,21955381.0,15158225.0,8291802.0,8291802.0,50301144.0,554296.0,290870.0
Weighted Average Shs Out (Dil),7631152.0,3424976.0,2713096.0,21955381.0,15158225.0,8291802.0,8291802.0,50301144.0,450532.0,264248.0
Dividend per Share,0.0263394045879,0.0583945697722,0.0740851042499,0.00910938416418,0.0201210893756,0.0,0.0,0.00723641593519,0.0,0.0
Gross Margin,0.0,1.0,1.0262345679,1.19723183391,1.09040590406,7.13043478261,7.13043478261,0.484978540773,1.0,0.4018
EBITDA Margin,0.0,-16.6275207592,-8.20987654321,-12.839100346,-16.5166051661,-218.014492754,-218.014492754,-23.1001430615,,
EBIT Margin,0.0,-16.7852906287,-8.31790123457,-12.9394463668,-16.5811808118,-218.884057971,-218.884057971,-23.4449213162,-148.5268,-22.3282
Profit Margin,0.0,-13.9869513642,-7.37757201646,-11.1805074971,-9.36623616236,-191.101449275,-191.101449275,-21.8068669528,,
Free Cash Flow margin,0.0,-11.9596678529,-7.45576131687,-10.9636678201,-16.9806273063,-174.710144928,-174.710144928,-20.0042918455,-142.9554,-16.2569
EBITDA,-9459000.0,-14017000.0,-15960000.0,-22263000.0,-17904000.0,-15043000.0,-15043000.0,-16147000.0,-16178000.0,-19673000.0
EBIT,-9491000.0,-14150000.0,-16170000.0,-22437000.0,-17974000.0,-15103000.0,-15103000.0,-16388000.0,-16635000.0,-20341000.0
Consolidated Income,-7470000.0,-11791000.0,-14342000.0,-19387000.0,-10153000.0,-13186000.0,-13186000.0,-15243000.0,-16021000.0,-19570000.0
Earnings Before Tax Margin,0.0,-16.3392645314,-8.4804526749,-13.0617070358,-10.9594095941,-218.942028986,-218.942028986,-22.6151645207,-148.9107,-22.5225
Net Profit Margin,0.0,-13.9869513642,-7.37757201646,-11.1805074971,-9.36623616236,-191.101449275,-191.101449275,-21.8068669528,-143.0446,-21.4819
