Date,2018-12-31,2017-12-31,2016-12-31,2015-12-31,2014-12-31,2013-12-31,2012-12-31,2011-12-31,2010-12-31,2009-12-31
Revenue,13366000000.0,12586000000.0,11737000000.0,11683000000.0,12436000000.0,13120000000.0,13093000000.0,14379000000.0,15197000000.0,14798000000.0
Revenue Growth,0.0619736214841888,0.0723353497486581,0.00462210048788838,-0.0605500160823416,-0.0521341463414634,0.00206217062552509,-0.0894359830308088,-0.0538264131078502,0.0269631031220435,-0.069
Cost of Revenue,8137000000.0,7230000000.0,7088000000.0,7222000000.0,8482000000.0,8927000000.0,11055000000.0,10649000000.0,7408000000.0,11091000000.0
Gross Profit,5229000000.0,5356000000.0,4649000000.0,4461000000.0,3954000000.0,4193000000.0,2038000000.0,3730000000.0,7789000000.0,3707000000.0
R&D Expenses,0.0,0.0,0.0,0.0,0.0,0.0,0.0,0.0,0.0,0.0
SG&A Expense,0.0,0.0,0.0,0.0,0.0,0.0,0.0,0.0,0.0,0.0
Operating Expenses,1628000000.0,1226000000.0,1022000000.0,925000000.0,1233000000.0,877000000.0,882000000.0,869000000.0,4556000000.0,1138000000.0
Operating Income,3601000000.0,4130000000.0,3627000000.0,3536000000.0,2721000000.0,3316000000.0,1156000000.0,2861000000.0,5700000000.0,2569000000.0
Interest Expense,69000000.0,0.0,0.0,0.0,0.0,0.0,0.0,0.0,0.0,889000000.0
Earnings before Tax,2532000000.0,3261000000.0,2867000000.0,2828000000.0,1778000000.0,1812000000.0,497000000.0,2171000000.0,5037000000.0,1883000000.0
Income Tax Expense,580000000.0,-30000000.0,655000000.0,905000000.0,452000000.0,892000000.0,146000000.0,745000000.0,2057000000.0,596000000.0
Net Income - Non-Controlling int,0.0,0.0,0.0,0.0,0.0,0.0,0.0,0.0,0.0,17000000.0
Net Income - Discontinued ops,0.0,0.0,0.0,0.0,0.0,0.0,0.0,0.0,0.0,0.0
Net Income,2447000000.0,2999000000.0,2123000000.0,1899000000.0,1310000000.0,1697000000.0,302000000.0,1408000000.0,2808000000.0,1287000000.0
Preferred Dividends,0.0,0.0,0.0,0.0,13000000.0,17000000.0,16000000.0,17000000.0,0.0,0.0
Net Income Com,2447000000.0,2999000000.0,2123000000.0,1899000000.0,1310000000.0,1697000000.0,302000000.0,1408000000.0,2808000000.0,1287000000.0
EPS,3.74,4.72,3.44,3.21,2.25,2.93,0.53,2.46,4.77,2.17
EPS Diluted,3.74,4.72,3.44,3.2,2.24,2.93,0.53,2.45,4.76,2.17
Weighted Average Shs Out,654200000.0,636000000.0,616400000.0,592400000.0,582700000.0,578700000.0,572900000.0,573100000.0,588900000.0,597240826.0
Weighted Average Shs Out (Dil),654900000.0,636000000.0,617100000.0,593700000.0,584500000.0,579500000.0,573900000.0,574600000.0,590100000.0,597240826.0
Dividend per Share,3.33638723469,3.03616352201,2.79857397504,2.58716523497,2.39178785287,2.24676445211,2.10663878725,1.96484510964,1.82341975936,1.75
Gross Margin,0.391216519527,0.425552200858,0.396097810343,0.381836856972,0.317947893213,0.319588414634,0.155655693882,0.259406078309,0.512535368823,0.2505
EBITDA Margin,0.439997007332,0.503098681074,0.483939677942,0.464093126765,0.448134448376,0.35868902439,0.198503016879,0.288545795952,0.502730802132,0.276
EBIT Margin,0.269414933413,0.328142380423,0.309022748573,0.302661987503,0.218800257317,0.252743902439,0.0882914534484,0.198970721191,0.375074027769,0.1873
Profit Margin,0.183076462666,0.238280629271,0.180880974695,0.162543867157,0.105339337408,0.129344512195,0.0230657603299,0.0979205786216,0.184773310522,0.087
Free Cash Flow margin,0.0388298668263,-0.0758779596377,-0.166822867854,-0.0941538988274,-0.153264715343,-0.0511432926829,-0.000611013518674,-0.0465261840184,-0.102586036718,-0.0034
EBITDA,5881000000.0,6332000000.0,5680000000.0,5422000000.0,5573000000.0,4706000000.0,2599000000.0,4149000000.0,7640000000.0,4091000000.0
EBIT,3601000000.0,4130000000.0,3627000000.0,3536000000.0,2721000000.0,3316000000.0,1156000000.0,2861000000.0,5700000000.0,2772000000.0
Consolidated Income,2447000000.0,2999000000.0,2123000000.0,1899000000.0,1310000000.0,1697000000.0,302000000.0,1408000000.0,2808000000.0,1304000000.0
Earnings Before Tax Margin,0.189435882089,0.25909740982,0.244270256454,0.24206111444,0.142972016726,0.138109756098,0.0379592148476,0.150984073997,0.331446996118,0.1272
Net Profit Margin,0.183076462666,0.238280629271,0.180880974695,0.162543867157,0.105339337408,0.129344512195,0.0230657603299,0.0979205786216,0.184773310522,0.087
