Date,2018-12-31,2017-12-31,2016-12-31,2015-12-31,2014-12-31,2013-12-31,2012-12-31,2011-12-31,2010-12-31,2009-12-31
Revenue,54056343.0,61994918.0,48326609.0,60917739.0,70742756.0,0.0,0.0,0.0,82567921.0,85369679.0
Revenue Growth,-0.128052028393682,0.282831948751049,-0.20669069809042,-0.138883718355559,0.0,0.0,0.0,-1,-0.0328191230518742,-0.1566
Cost of Revenue,44376620.0,50706094.0,40018762.0,51191895.0,58091288.0,0.0,0.0,0.0,70162747.0,73105758.0
Gross Profit,9679723.0,11288824.0,8307847.0,9725844.0,12651468.0,0.0,0.0,0.0,12405174.0,12263921.0
R&D Expenses,0.0,0.0,0.0,0.0,0.0,0.0,0.0,0.0,0.0,0.0
SG&A Expense,8701499.0,8983152.0,10345557.0,11149194.0,12672800.0,0.0,0.0,0.0,11703653.0,10753717.0
Operating Expenses,9028291.0,9334221.0,11905408.0,11684416.0,13054551.0,0.0,0.0,0.0,12117795.0,11164555.0
Operating Income,651432.0,1954603.0,-3597561.0,-1958572.0,-403083.0,0.0,0.0,0.0,287379.0,1099366.0
Interest Expense,149540.0,199243.0,364532.0,347967.0,341382.0,0.0,0.0,0.0,383994.0,401105.0
Earnings before Tax,718357.0,1840009.0,-3957898.0,-2298520.0,-4458314.0,0.0,0.0,0.0,10765877.0,-92237.0
Income Tax Expense,60672.0,1223.0,47916.0,31802.0,65417.0,0.0,0.0,0.0,24675.0,221457.0
Net Income - Non-Controlling int,0.0,0.0,0.0,0.0,0.0,0.0,0.0,0.0,0.0,0.0
Net Income - Discontinued ops,0.0,0.0,0.0,0.0,3888038.0,0.0,0.0,0.0,0.0,794311.0
Net Income,657685.0,1838786.0,-4005814.0,-2252301.0,-4523731.0,0.0,0.0,0.0,10741202.0,-313694.0
Preferred Dividends,0.0,0.0,0.0,0.0,0.0,0.0,0.0,0.0,0.0,0.0
Net Income Com,657685.0,1838786.0,-4005814.0,-2252301.0,-4523731.0,0.0,0.0,0.0,10741202.0,-313694.0
EPS,0.02,0.07,-0.3,-0.18,-0.37,0.0,0.0,0.0,1.04,-0.03
EPS Diluted,0.02,0.07,-0.3,-0.18,-0.37,0.0,0.0,0.0,0.96,-0.03
Weighted Average Shs Out,26924381.0,26918371.0,13214835.0,12275525.0,12223584.0,0.0,0.0,0.0,9833635.0,9833635.0
Weighted Average Shs Out (Dil),27024838.0,27437390.0,13214835.0,12275525.0,12216787.0,0.0,0.0,0.0,10335794.0,9838735.0
Dividend per Share,0.0,0.0,0.0,0.0,0.0,0.0,0.0,0.0,0.0,0.0
Gross Margin,0.179067292806,0.182092732182,0.171910406542,0.15965536738,0.1788,0.0,0.0,0.0,0.1502,0.1437
EBITDA Margin,0.0173555765694,0.0367021535539,-0.066088746264,-0.023365115373,-0.053,0.0,0.0,0.0,0.14,0.008
EBIT Margin,0.0120509816952,0.0315284391537,-0.0744426533217,-0.0321510947739,-0.0582,0.0,0.0,0.0,0.135,0.0036
Profit Margin,0.0121666572968,0.029660269895,-0.0828904424062,-0.036972826585,-0.064,0.0,0.0,0.0,0.13,-0.004
Free Cash Flow margin,0.00462637659377,-0.00207375062582,-0.016517380725,-0.00497728584444,-0.0034,0.0,0.0,0.0,-0.0288,0.0105
EBITDA,938179.0,2275347.0,-3193845.0,-1423350.0,-3735181.0,0.0,0.0,0.0,11564013.0,719706.0
EBIT,651432.0,1954603.0,-3597561.0,-1958572.0,-4116932.0,0.0,0.0,0.0,11149871.0,308868.0
Consolidated Income,657685.0,1838786.0,-4005814.0,-2252301.0,-4523731.0,0.0,0.0,0.0,10741202.0,-313694.0
Earnings Before Tax Margin,0.0132890417689,0.0296799973185,-0.0818989389469,-0.0377315382634,-0.063,0.0,0.0,0.0,0.1304,-0.0011
Net Profit Margin,0.0121666572968,0.029660269895,-0.0828904424062,-0.036972826585,-0.0639,0.0,0.0,0.0,0.1301,-0.0037
