Date,2018-12-31,2017-12-31,2016-12-31,2015-12-31,2014-12-31,2013-12-31,2012-12-31,2011-12-31,2010-12-31,2009-12-31
Revenue,19893000000.0,18329700000.0,16882400000.0,20563100000.0,19913800000.0,19118000000.0,18260400000.0,16090540000.0,13202602000.0,10516681000.0
Revenue Growth,0.0852878115844777,0.0857283324645785,-0.178995384937096,0.0326055298335827,0.041625693064128,0.0469650171956803,0.134853149738915,0.218740063511723,0.255396260474193,-0.1717
Cost of Revenue,8785900000.0,8137200000.0,7547800000.0,9800600000.0,9471300000.0,9160400000.0,8846100000.0,7913876000.0,6575812000.0,5446584000.0
Gross Profit,11107100000.0,10192500000.0,9334600000.0,10762500000.0,10442500000.0,9957600000.0,9414300000.0,8176664000.0,6626790000.0,5070097000.0
R&D Expenses,1231200000.0,1128800000.0,975100000.0,1239100000.0,1314200000.0,1249900000.0,1137900000.0,1018526000.0,809481000.0,600268000.0
SG&A Expense,6472100000.0,6042500000.0,5608600000.0,6054300000.0,5697000000.0,5432800000.0,5181200000.0,4607692000.0,3673703000.0,3115265000.0
Operating Expenses,7703300000.0,7171300000.0,6583700000.0,7293400000.0,7011200000.0,6682700000.0,6319100000.0,5626218000.0,4483184000.0,3630415000.0
Operating Income,3403800000.0,3021200000.0,2750900000.0,3469100000.0,3431300000.0,3274900000.0,3165100000.0,2617226000.0,2166374000.0,1439682000.0
Interest Expense,157400000.0,162700000.0,184400000.0,162800000.0,122700000.0,145900000.0,157500000.0,141637000.0,120775000.0,118654000.0
Earnings before Tax,3292800000.0,2938800000.0,2611300000.0,3324000000.0,3481800000.0,3566000000.0,3010800000.0,2447849000.0,2342705000.0,1390722000.0
Income Tax Expense,641900000.0,469000000.0,457900000.0,725300000.0,883400000.0,871000000.0,711500000.0,512562000.0,549705000.0,239018000.0
Net Income - Non-Controlling int,0.0,0.0,0.0,0.0,0.0,0.0,0.0,0.0,0.0,0.0
Net Income - Discontinued ops,0.0,0.0,0.0,0.0,0.0,0.0,0.0,0.0,0.0,-64660000.0
Net Income,2650900000.0,2492100000.0,2553700000.0,3357400000.0,2598400000.0,2695000000.0,2392200000.0,2172264000.0,1793000000.0,1151704000.0
Preferred Dividends,0.0,0.0,0.0,0.0,0.0,0.0,0.0,0.0,0.0,0.0
Net Income Com,2650900000.0,2492100000.0,2553700000.0,3357400000.0,2598400000.0,2695000000.0,2392200000.0,2172264000.0,1793000000.0,1151704000.0
EPS,3.78,3.58,3.69,4.81,3.7,3.87,3.45,3.21,2.74,1.8
EPS Diluted,3.74,3.53,3.65,4.74,3.63,3.8,3.36,3.11,2.64,1.73
Weighted Average Shs Out,700600000.0,695800000.0,691200000.0,698100000.0,702200000.0,696000000.0,693400000.0,676169000.0,653194000.0,642469714.0
Weighted Average Shs Out (Dil),710200000.0,706100000.0,699800000.0,708500000.0,716100000.0,711000000.0,713100000.0,701191000.0,683275000.0,641530000.0
Dividend per Share,0.610250633624,0.535759807393,0.571306087454,0.499788285109,0.31797235023,0.0732770745429,0.121161127472,0.0874554864509,0.0764172551315,0.065
Gross Margin,0.558342130398,0.556064747377,0.552919016254,0.523388983179,0.52438509978,0.520849461241,0.515558257212,0.508165916122,0.501930604285,0.4821
EBITDA Margin,0.236842105263,0.232382417606,0.22976591006,0.219830667555,0.219435768161,0.218113819437,0.219321592079,0.202116274531,0.194162938487,0.175
EBIT Margin,0.171105413965,0.164825392669,0.162944841966,0.168705107693,0.172307645954,0.17129929909,0.173331361854,0.162656194261,0.164086897416,0.1435
Profit Margin,0.133257929925,0.135959672008,0.151264038288,0.163273047352,0.130482379054,0.140966628308,0.131004797266,0.135002554296,0.135806562979,0.11
Free Cash Flow margin,0.169220328759,0.155932721212,0.173683836421,0.154101278504,0.158729122518,0.158688147296,0.161918687433,0.142431267067,0.14141326081,0.155
EBITDA,4711500000.0,4259500000.0,3879000000.0,4520400000.0,4369800000.0,4169900000.0,4004900000.0,3252160000.0,2563456000.0,1841168000.0
EBIT,3403800000.0,3021200000.0,2750900000.0,3469100000.0,3431300000.0,3274900000.0,3165100000.0,2617226000.0,2166374000.0,1509376000.0
Consolidated Income,2650900000.0,2492100000.0,2553700000.0,3357400000.0,2598400000.0,2695000000.0,2392200000.0,2172264000.0,1793000000.0,1151704000.0
Earnings Before Tax Margin,0.165525561755,0.1603299563,0.154675875468,0.161648778637,0.174843575812,0.186525787216,0.164881382664,0.152129698568,0.1774426738,0.1322
Net Profit Margin,0.133257929925,0.135959672008,0.151264038288,0.163273047352,0.130482379054,0.140966628308,0.131004797266,0.135002554296,0.135806562979,0.1095
