Date,2018-12-31,2017-12-31,2016-12-31,2015-12-31,2014-12-31,2013-12-31,2012-12-31,2011-12-31,2010-12-31,2009-12-31
Revenue,3046478000.0,2457928000.0,2142213000.0,1763336000.0,1616438000.0,1482259000.0,1279067000.0,1062710000.0,865401000.0,637142000.0
Revenue Growth,0.23944965027454,0.147377968483993,0.214863758240063,0.0908775962950636,0.0905233161006275,0.158859543714285,0.203589878706326,0.227997194364231,0.35825451783119,0.208
Cost of Revenue,2330206000.0,1842115000.0,1491981000.0,1194933000.0,1261892000.0,1034731000.0,854520000.0,704686000.0,575673000.0,210042000.0
Gross Profit,716272000.0,615813000.0,650232000.0,568403000.0,354546000.0,447528000.0,424547000.0,358024000.0,289728000.0,427100000.0
R&D Expenses,0.0,0.0,0.0,0.0,0.0,0.0,0.0,0.0,0.0,0.0
SG&A Expense,163667000.0,161441000.0,152733000.0,105549000.0,93188000.0,65653000.0,57209000.0,53624000.0,47196000.0,39988000.0
Operating Expenses,166485000.0,164518000.0,152946000.0,166492000.0,95880000.0,65716000.0,58469000.0,53714000.0,47422000.0,249311000.0
Operating Income,549787000.0,451295000.0,497286000.0,401911000.0,258666000.0,381812000.0,366078000.0,304310000.0,242306000.0,177789000.0
Interest Expense,321529000.0,258642000.0,236480000.0,201435000.0,191085000.0,189399000.0,157108000.0,149350000.0,137384000.0,88442000.0
Earnings before Tax,333607000.0,284001000.0,392197000.0,249060000.0,146525000.0,343816000.0,261204000.0,0.0,0.0,88700000.0
Income Tax Expense,2084000.0,7901000.0,10385000.0,6451000.0,5238000.0,1292000.0,2647000.0,-42000.0,1851000.0,1038000.0
Net Income - Non-Controlling int,0.0,0.0,0.0,0.0,0.0,0.0,0.0,0.0,0.0,3572000.0
Net Income - Discontinued ops,0.0,0.0,0.0,0.0,0.0,0.0,0.0,0.0,0.0,0.0
Net Income,331246000.0,248259000.0,426187000.0,296689000.0,200183000.0,314488000.0,210334000.0,156265000.0,105700000.0,87662000.0
Preferred Dividends,81316000.0,68802000.0,83771000.0,79423000.0,67465000.0,42905000.0,38672000.0,25397000.0,37004000.0,40404000.0
Net Income Com,331246000.0,248259000.0,426187000.0,296689000.0,200183000.0,314488000.0,210334000.0,156265000.0,105700000.0,47258000.0
EPS,1.21,0.99,2.21,1.57,1.0,2.12,1.48,1.33,0.69,0.62
EPS Diluted,1.21,0.99,2.2,1.56,0.99,2.12,1.48,1.32,0.68,0.61
Weighted Average Shs Out,206035408.0,174059386.0,149953662.0,138247606.0,133369047.0,127941134.0,115717667.0,98405375.0,89261172.0,76519931.0
Weighted Average Shs Out (Dil),206673471.0,174895098.0,150679688.0,138865421.0,133637235.0,128127641.0,116006577.0,99169749.0,90999145.0,75950370.0
Dividend per Share,4.11018403034,3.69596979785,3.46177382581,3.37474222614,3.30517164621,3.12932476451,2.88284516834,2.63473491296,1.88517155848,1.47
Gross Margin,0.235114778443,0.250541513014,0.303532841972,0.322345259213,0.21933782799,0.301922943291,0.331919281789,0.33689717797,0.334790461301,0.6703
EBITDA Margin,0.593001820463,0.541464192605,0.568671742726,0.555750577315,0.504827280725,0.586008922867,0.594240176629,0.569158095812,0.578231363264,0.524
EBIT Margin,0.180466427133,0.183607900638,0.232136580256,0.22792649841,0.1600222217,0.257587911424,0.286207055612,0.286352814973,0.279992743249,0.278
Profit Margin,0.108730803242,0.101003365436,0.198947070156,0.168254376931,0.123842052711,0.212168048904,0.16444330125,0.147043878386,0.122139909707,0.074
Free Cash Flow margin,0.454729691138,0.416328305793,0.42585027726,0.453249976182,0.405761309744,0.442830841304,0.424487536618,0.37729578154,0.414870100682,-0.387
EBITDA,1806567000.0,1330880000.0,1218216000.0,979975000.0,816022000.0,868617000.0,760073000.0,604850000.0,500402000.0,333970000.0
EBIT,549787000.0,451295000.0,497286000.0,401911000.0,258666000.0,381812000.0,366078000.0,304310000.0,242306000.0,177142000.0
Consolidated Income,331246000.0,248259000.0,426187000.0,296689000.0,200183000.0,314488000.0,210334000.0,156265000.0,105700000.0,91234000.0
Earnings Before Tax Margin,0.10950579653,0.115544881705,0.183080300605,0.141243642732,0.0906468420069,0.231954064708,0.20421447821,0.0,0.0,0.1392
Net Profit Margin,0.108730803242,0.101003365436,0.198947070156,0.168254376931,0.123842052711,0.212168048904,0.16444330125,0.147043878386,0.122139909707,0.1376
