Date,2018-12-31,2017-12-31,2016-12-31,2015-12-31,2014-12-31,2013-12-31,2012-12-31,2011-12-31,2010-12-31,2009-12-31
Revenue,243000.0,8746000.0,5737000.0,5780000.0,5099000.0,4221000.0,5564000.0,0.0,22202000.0,18501000.0
Revenue Growth,-0.972215870112051,0.524490151647202,-0.00743944636678201,0.133555599137086,0.20800758114191,-0.24137311286844,0.0,-1,0.200043240905897,0.051
Cost of Revenue,0.0,0.0,0.0,0.0,0.0,0.0,0.0,0.0,0.0,0.0
Gross Profit,0.0,0.0,0.0,0.0,0.0,0.0,0.0,0.0,22202000.0,18501000.0
R&D Expenses,0.0,0.0,0.0,0.0,0.0,0.0,0.0,0.0,0.0,0.0
SG&A Expense,15552000.0,15204000.0,12299000.0,10551000.0,9998000.0,9437000.0,9009000.0,8776000.0,13552000.0,13542000.0
Operating Expenses,15552000.0,15204000.0,12299000.0,10551000.0,9998000.0,9437000.0,9009000.0,8776000.0,16343000.0,16590000.0
Operating Income,12974000.0,13402000.0,6848000.0,6641000.0,6481000.0,5139000.0,7345000.0,6968000.0,5859000.0,1911000.0
Interest Expense,9371000.0,5720000.0,3324000.0,2712000.0,2311000.0,2888000.0,3755000.0,4644000.0,0.0,0.0
Earnings before Tax,12974000.0,13402000.0,6848000.0,6641000.0,6481000.0,5139000.0,7345000.0,6968000.0,5299000.0,1911000.0
Income Tax Expense,2290000.0,5456000.0,1869000.0,1503000.0,1677000.0,1220000.0,2106000.0,2066000.0,1629000.0,362000.0
Net Income - Non-Controlling int,0.0,0.0,0.0,0.0,0.0,0.0,0.0,0.0,0.0,0.0
Net Income - Discontinued ops,0.0,0.0,0.0,0.0,0.0,0.0,0.0,0.0,0.0,0.0
Net Income,10684000.0,7946000.0,4979000.0,5138000.0,4804000.0,3919000.0,5239000.0,4902000.0,3670000.0,1549000.0
Preferred Dividends,0.0,0.0,0.0,50000.0,135000.0,148000.0,332000.0,0.0,618000.0,567000.0
Net Income Com,10684000.0,7946000.0,4979000.0,5138000.0,4804000.0,3919000.0,5239000.0,4902000.0,3052000.0,982000.0
EPS,2.48,1.87,1.56,1.82,1.69,1.38,1.81,1.54,1.16,0.38
EPS Diluted,2.48,1.85,1.55,1.79,1.66,1.36,1.79,1.53,1.16,0.38
Weighted Average Shs Out,4303410.0,4260137.0,3186079.0,2801881.0,2766723.0,2742417.0,2710819.0,2674716.0,2649348.0,2609963.0
Weighted Average Shs Out (Dil),4315324.0,4290070.0,3218884.0,2847488.0,2812726.0,2780752.0,2739954.0,2695207.0,2635549.0,2606596.0
Dividend per Share,0.279005701542,0.278317137016,0.278046677047,0.292889732986,0.32210745021,0.323293842817,0.362414843461,0.119100314002,0.12,0.225
Gross Margin,0.0,0.0,0.0,0.0,0.0,0.0,0.0,0.0,1.0,1.0
EBITDA Margin,59.5596707819,1.72090098331,1.476381384,1.46141868512,1.62443616395,1.71570717839,1.6768511862,0.0,0.391,0.249
EBIT Margin,53.3909465021,1.53235764921,1.1936552205,1.14896193772,1.27103353599,1.21748400853,1.32009345794,0.0,0.2387,0.1033
Profit Margin,43.9670781893,0.908529613538,0.867875196096,0.88892733564,0.942145518729,0.928452973229,0.941588785047,0.0,0.137,0.053
Free Cash Flow margin,60.8395061728,1.57260461925,1.27749694963,1.36453287197,1.33065306923,2.1390665719,1.20506829619,0.0,0.3383,-0.0013
EBITDA,14473000.0,15051000.0,8470000.0,8447000.0,8283000.0,7242000.0,9330000.0,9404000.0,8673000.0,4612000.0
EBIT,12974000.0,13402000.0,6848000.0,6641000.0,6481000.0,5139000.0,7345000.0,6968000.0,5299000.0,1911000.0
Consolidated Income,10684000.0,7946000.0,4979000.0,5138000.0,4804000.0,3919000.0,5239000.0,4902000.0,3670000.0,1549000.0
Earnings Before Tax Margin,53.3909465021,1.53235764921,1.1936552205,1.14896193772,1.27103353599,1.21748400853,1.32009345794,0.0,0.2387,0.1033
Net Profit Margin,43.9670781893,0.908529613538,0.867875196096,0.88892733564,0.942145518729,0.928452973229,0.941588785047,0.0,0.1653,0.0837
