Date,2018-12-31,2017-12-31,2016-12-31,2015-12-31,2014-12-31,2013-12-31,2012-12-31,2011-12-31,2010-12-31,2009-12-31
Revenue,6992118000.0,7830436000.0,6794342000.0,6956311000.0,7752728000.0,8729813000.0,8104339000.0,7950140000.0,0.0,5344331000.0
Revenue Growth,-0.107058917281234,0.152493648391559,-0.0232837491020744,-0.102727323852971,-0.11192507789113,0.0771776698876984,0.0193957590683938,0.0,-1,-0.2939
Cost of Revenue,4432562000.0,4940059000.0,4322373000.0,4388167000.0,4778479000.0,5390032000.0,4997274000.0,4898716000.0,0.0,3331187000.0
Gross Profit,2559556000.0,2890377000.0,2471969000.0,2568144000.0,2974249000.0,3339781000.0,3107065000.0,3051424000.0,0.0,2013144000.0
R&D Expenses,143033000.0,124986000.0,104479000.0,115037000.0,118411000.0,185623000.0,189844000.0,196970000.0,0.0,0.0
SG&A Expense,1716444000.0,1975932000.0,1757523000.0,1647382000.0,1758765000.0,1985849000.0,1841688000.0,1840609000.0,0.0,1422015000.0
Operating Expenses,1859477000.0,2100918000.0,1862002000.0,1762419000.0,1877176000.0,2171472000.0,2031532000.0,2037579000.0,0.0,1422015000.0
Operating Income,843112000.0,914445000.0,714446000.0,920762000.0,1215484000.0,1353932000.0,1265377000.0,1210815000.0,0.0,591129000.0
Interest Expense,130972000.0,145208000.0,136401000.0,0.0,0.0,0.0,0.0,0.0,0.0,100472000.0
Earnings before Tax,725378000.0,973843000.0,689332000.0,800610000.0,1094207000.0,1237412000.0,1137571000.0,1095164000.0,0.0,477424000.0
Income Tax Expense,134233000.0,162178000.0,180440000.0,204729000.0,316067000.0,271607000.0,304452000.0,248799000.0,0.0,120986000.0
Net Income - Non-Controlling int,0.0,0.0,0.0,0.0,0.0,0.0,0.0,0.0,0.0,0.0
Net Income - Discontinued ops,0.0,0.0,0.0,0.0,0.0,0.0,0.0,0.0,0.0,16985000.0
Net Income,570267000.0,811665000.0,508892000.0,869829000.0,775235000.0,1003129000.0,811070000.0,895243000.0,0.0,356438000.0
Preferred Dividends,0.0,0.0,0.0,0.0,0.0,0.0,0.0,0.0,0.0,0.0
Net Income Com,570267000.0,811665000.0,508892000.0,869829000.0,775235000.0,1003129000.0,811070000.0,895243000.0,0.0,356438000.0
EPS,3.8,5.21,3.28,5.52,4.65,5.86,4.47,4.82,0.0,1.91
EPS Diluted,3.75,5.15,3.25,5.46,4.59,5.78,4.41,4.74,0.0,1.91
Weighted Average Shs Out,149874000.0,155685000.0,155231000.0,157619000.0,166692000.0,171271000.0,181551000.0,185882.0,186897000.0,186176669.0
Weighted Average Shs Out (Dil),152133000.0,157744000.0,156636000.0,159172000.0,168842000.0,173547000.0,183993000.0,188887.0,189170000.0,186136000.0
Dividend per Share,1.86396113927,1.80012551983,1.71313746521,1.62069333802,1.53094016892,1.42797052095,1.30960960471,1160.23866121,0.0,1.02
Gross Margin,0.366063044131,0.369120825456,0.363827578888,0.369181883904,0.38363902358,0.382571883269,0.383382901431,0.383820159142,0.0,0.3767
EBITDA Margin,0.160994422577,0.167127986232,0.158247112082,0.179384015465,0.196404672007,0.203389007302,0.200258404788,0.190431615041,0.0,0.151
EBIT Margin,0.120580344897,0.116780853582,0.105153081785,0.132363547288,0.156781458088,0.155092898324,0.156135744075,0.152301091553,0.0,0.1081
Profit Margin,0.0815585492121,0.103655147683,0.0748993795131,0.125041706732,0.0999951242969,0.114908417855,0.100078488819,0.11260719937,0.0,0.067
Free Cash Flow margin,0.0884136966796,0.0797942796544,0.102551505355,0.114257111276,0.101142591356,0.107889138061,0.118966889218,0.0989190127469,0.0,0.1313
EBITDA,1125692000.0,1308685000.0,1075185000.0,1247851000.0,1522672000.0,1775548000.0,1622962000.0,1513958000.0,0.0,809259000.0
EBIT,843112000.0,914445000.0,714446000.0,920762000.0,1215484000.0,1353932000.0,1265377000.0,1210815000.0,0.0,577896000.0
Consolidated Income,570267000.0,811665000.0,508892000.0,869829000.0,775235000.0,1003129000.0,811070000.0,895243000.0,0.0,356438000.0
Earnings Before Tax Margin,0.103742242336,0.124366382664,0.101456770943,0.115091174043,0.141138319312,0.141745533381,0.140365673252,0.13775405213,0.0,0.0893
Net Profit Margin,0.0815585492121,0.103655147683,0.0748993795131,0.125041706732,0.0999951242969,0.114908417855,0.100078488819,0.11260719937,0.0,0.0667
