Date,2018-12-31,2017-12-31,2016-12-31,2015-12-31,2014-12-31,2013-12-31,2012-12-31,2011-12-31,2010-12-31,2009-12-31
Revenue,117438000.0,124753000.0,137869000.0,144271000.0,143036000.0,151063000.0,162790000.0,193861000.0,225482000.0,212186000.0
Revenue Growth,-0.0586358644681891,-0.0951337864204426,-0.0443748223828767,0.00863418999412735,-0.053136770751276,-0.0720375944468333,-0.160274629760498,-0.140237358192672,0.0626620040907506,-0.3061
Cost of Revenue,59991000.0,67058000.0,77023000.0,84411000.0,85992000.0,91237000.0,101660000.0,123734000.0,137571000.0,133590000.0
Gross Profit,57447000.0,57695000.0,60846000.0,59860000.0,57044000.0,59826000.0,61130000.0,70127000.0,87911000.0,78596000.0
R&D Expenses,36109000.0,36655000.0,34885000.0,35483000.0,33468000.0,35000000.0,42539000.0,53244000.0,55588000.0,56148000.0
SG&A Expense,25278000.0,24104000.0,22873000.0,21979000.0,22446000.0,23085000.0,11416000.0,29417000.0,31561000.0,33117000.0
Operating Expenses,63087000.0,62459000.0,57758000.0,59146000.0,57487000.0,59757000.0,71732000.0,90463000.0,97587000.0,101523000.0
Operating Income,-5640000.0,-4764000.0,4180000.0,714000.0,-443000.0,69000.0,-10602000.0,-20336000.0,-9676000.0,-22927000.0
Interest Expense,15000.0,14000.0,16000.0,12000.0,24000.0,29000.0,35000.0,0.0,0.0,0.0
Earnings before Tax,-3825000.0,-3095000.0,5407000.0,1889000.0,761000.0,2526000.0,-8214000.0,-17108000.0,-8208000.0,-20070000.0
Income Tax Expense,-1868000.0,-92000.0,594000.0,327000.0,-2841000.0,-150000.0,-172000.0,-866000.0,-783000.0,-11634000.0
Net Income - Non-Controlling int,0.0,0.0,0.0,0.0,0.0,0.0,0.0,0.0,0.0,0.0
Net Income - Discontinued ops,0.0,0.0,0.0,0.0,0.0,0.0,0.0,0.0,0.0,0.0
Net Income,-1957000.0,-3003000.0,4813000.0,1562000.0,3602000.0,2676000.0,-8042000.0,-16242000.0,-7425000.0,-8436000.0
Preferred Dividends,0.0,0.0,0.0,0.0,0.0,0.0,0.0,0.0,0.0,0.0
Net Income Com,-1957000.0,-3003000.0,4813000.0,1562000.0,3602000.0,2676000.0,-8042000.0,-16242000.0,-7425000.0,-8436000.0
EPS,-0.09,-0.14,0.22,0.07,0.16,0.12,-0.37,-0.7,-0.32,-0.36
EPS Diluted,-0.09,-0.14,0.21,0.07,0.16,0.12,-0.37,-0.7,-0.32,-0.36
Weighted Average Shs Out,22512000.0,22229000.0,21800000.0,21924000.0,21968.0,22249000.0,21950000.0,23247.0,23359272.0,22901051.0
Weighted Average Shs Out (Dil),22512000.0,22229000.0,22887000.0,23340000.0,22954.0,22906000.0,21950000.0,23247.0,23229000.0,23655000.0
Dividend per Share,0.0,0.0,0.0,0.0,0.0,0.0,0.0,0.0,0.0,0.0
Gross Margin,0.489168752874,0.462473848324,0.441331989062,0.4149136001,0.398808691518,0.396033443001,0.375514466491,0.361738565261,0.3899,0.3704
EBITDA Margin,-0.0148674194043,-0.00737457215458,0.0576706873917,0.0291188111263,0.0254061914483,0.0296697404394,-0.0235211008047,-0.0353500704113,0.033,-0.061
EBIT Margin,-0.048025341031,-0.0381874584178,0.0303186358065,0.00494901955348,-0.00309712240275,0.000456763072361,-0.0651268505436,-0.104899902507,-0.0364,-0.0946
Profit Margin,-0.0166641121273,-0.0240715654133,0.0349099507503,0.0108268466982,0.0251824715456,0.017714463502,-0.0494010688617,-0.0837816786254,-0.033,-0.04
Free Cash Flow margin,0.0639486367275,0.0614414082226,0.104534014173,0.0688080071532,0.0633686624346,0.0803108636794,0.0559678112906,-0.0150365468042,0.0839,0.104
EBITDA,-1746000.0,-920000.0,7951000.0,4201000.0,3634000.0,4482000.0,-3829000.0,-6853000.0,7499000.0,-12854000.0
EBIT,-5640000.0,-4764000.0,4180000.0,714000.0,-443000.0,69000.0,-10602000.0,-20336000.0,-8208000.0,-20070000.0
Consolidated Income,-1957000.0,-3003000.0,4813000.0,1562000.0,3602000.0,2676000.0,-8042000.0,-16242000.0,-7425000.0,-8436000.0
Earnings Before Tax Margin,-0.0325703775609,-0.0248090226287,0.0392183884702,0.0130934144769,0.00532033893565,0.0167215003012,-0.0504576448185,-0.0882487968183,-0.0364,-0.0946
Net Profit Margin,-0.0166641121273,-0.0240715654133,0.0349099507503,0.0108268466982,0.0251824715456,0.017714463502,-0.0494010688617,-0.0837816786254,-0.0329,-0.0398
