Date,2019-02-28,2018-02-28,2017-02-28,2016-02-29,2015-02-28,2014-02-28,2013-02-28,2012-02-29,2011-02-28,2010-02-28
Revenue,400782000.0,370171000.0,356888000.0,568973000.0,580240000.0,542442000.0,533506000.0,0.0,549999000.0,517738000.0
Revenue Growth,0.0826942142955553,0.0372189594494631,-0.372750552310918,-0.0194178271060251,0.0696811825043046,0.0167495773243412,0.0,-1,0.0623114393766731,-0.1135
Cost of Revenue,277422000.0,253257000.0,252938000.0,416234000.0,434764000.0,398649000.0,409354000.0,0.0,395501000.0,382419000.0
Gross Profit,123360000.0,116914000.0,103950000.0,152739000.0,145476000.0,143793000.0,124152000.0,0.0,154498000.0,135319000.0
R&D Expenses,0.0,0.0,0.0,0.0,0.0,0.0,0.0,0.0,0.0,0.0
SG&A Expense,73490000.0,69451000.0,63147000.0,92792000.0,89926000.0,86677000.0,83757000.0,0.0,83678000.0,76738000.0
Operating Expenses,73490000.0,69451000.0,63147000.0,92792000.0,89926000.0,86677000.0,83757000.0,0.0,83677000.0,76737000.0
Operating Income,50087000.0,47301000.0,40525000.0,56296000.0,-37716000.0,33164000.0,40393000.0,0.0,70821000.0,58582000.0
Interest Expense,1154000.0,777000.0,613000.0,1358000.0,2025000.0,1268000.0,1528000.0,0.0,1234000.0,2627000.0
Earnings before Tax,49934000.0,46909000.0,40033000.0,56572000.0,-39133000.0,31792000.0,38618000.0,0.0,69417000.0,55669000.0
Income Tax Expense,12497000.0,14151000.0,13616000.0,20836000.0,5400000.0,18603000.0,13903000.0,0.0,24786000.0,20463000.0
Net Income - Non-Controlling int,0.0,0.0,0.0,0.0,0.0,0.0,0.0,0.0,0.0,0.0
Net Income - Discontinued ops,0.0,0.0,0.0,0.0,0.0,0.0,0.0,0.0,0.0,0.0
Net Income,37437000.0,32905000.0,1780000.0,35736000.0,-44533000.0,13189000.0,24715000.0,0.0,44631000.0,35206000.0
Preferred Dividends,0.0,0.0,0.0,0.0,0.0,0.0,0.0,0.0,0.0,0.0
Net Income Com,37437000.0,32905000.0,1780000.0,35736000.0,-44533000.0,13189000.0,24715000.0,0.0,44631000.0,35206000.0
EPS,1.45,1.3,0.07,1.39,-1.72,0.5,0.95,0.0,1.73,1.37
EPS Diluted,1.45,1.3,0.07,1.39,-1.72,0.5,0.95,0.0,1.72,1.36
Weighted Average Shs Out,25829804.0,25391998.0,25734667.0,25688273.0,25864352.0,26125348.0,26035571.0,0.0,25920599.0,25821412.0
Weighted Average Shs Out (Dil),25842179.0,25417244.0,25749185.0,25722367.0,25864352.0,26146325.0,26053452.0,0.0,25855129.0,25768632.0
Dividend per Share,0.874964916852,0.875783385484,2.22142953262,0.701490652085,0.703323245833,0.526460219553,0.877580445002,0.0,0.625,0.625
Gross Margin,0.307798254413,0.315837815496,0.291267848737,0.268446833154,0.250716944713,0.265084562036,0.232709660247,0.0,0.2809,0.2614
EBITDA Margin,0.165651151998,0.166155641582,0.149057967766,0.129696839745,-0.0366796498001,0.087351274422,0.100799241246,0.0,0.143,0.13
EBIT Margin,0.124973177438,0.127781484773,0.113551030015,0.0989431835957,-0.0650006893699,0.0611383336836,0.0757123631224,0.0,0.1285,0.1126
Profit Margin,0.0934098836774,0.0888913502138,0.00498755912219,0.0628079012537,-0.0767492761616,0.0243141202193,0.0463256270782,0.0,0.081,0.068
Free Cash Flow margin,0.116050621036,0.115144082059,0.156413216471,0.144716884632,0.108213842548,0.0518193650197,0.0888406128516,0.0,-0.0018,0.1204
EBITDA,66390000.0,61506000.0,53197000.0,73794000.0,-21283000.0,47383000.0,53777000.0,0.0,78717000.0,67272000.0
EBIT,50087000.0,47301000.0,40525000.0,56296000.0,-37716000.0,33164000.0,40393000.0,0.0,70651000.0,58296000.0
Consolidated Income,37437000.0,32905000.0,1780000.0,35736000.0,-44533000.0,13189000.0,24715000.0,0.0,44631000.0,35206000.0
Earnings Before Tax Margin,0.124591423767,0.12672251473,0.112172446258,0.0994282681252,-0.067442782297,0.0586090310116,0.0723853152542,0.0,0.1262,0.1075
Net Profit Margin,0.0934098836774,0.0888913502138,0.00498755912219,0.0628079012537,-0.0767492761616,0.0243141202193,0.0463256270782,0.0,0.0811,0.068
