Date,2018-12-31,2017-12-31,2016-12-31,2015-12-31,2014-12-31,2013-12-31,2012-12-31,2011-12-31,2010-12-31,2009-12-31
Revenue,12337000000.0,12033000000.0,12075000000.0,12554000000.0,12919000000.0,12354000000.0,12188000000.0,12938000000.0,10573000000.0,13032000000.0
Revenue Growth,0.0252638577245907,-0.00347826086956522,-0.0381551696670384,-0.0282529607554764,0.0457341751659382,0.013619954053167,-0.0579687741536559,0.223682966045588,-0.188689379987723,-0.0406
Cost of Revenue,263000000.0,111000000.0,108000000.0,99000000.0,90000000.0,52000000.0,49000000.0,0.0,0.0,8797000000.0
Gross Profit,12074000000.0,11922000000.0,11967000000.0,12455000000.0,12829000000.0,12302000000.0,12139000000.0,0.0,0.0,4235000000.0
R&D Expenses,24000000.0,24000000.0,24000000.0,23000000.0,22000000.0,18000000.0,21000000.0,23000000.0,23000000.0,0.0
SG&A Expense,0.0,0.0,0.0,0.0,0.0,0.0,0.0,0.0,0.0,0.0
Operating Expenses,9804000000.0,9424000000.0,9604000000.0,10127000000.0,10755000000.0,10110000000.0,9849000000.0,10699000000.0,8651000000.0,2336000000.0
Operating Income,2664000000.0,2610000000.0,2575000000.0,2427000000.0,2209000000.0,2244000000.0,2339000000.0,2239000000.0,1922000000.0,1899000000.0
Interest Expense,0.0,0.0,0.0,0.0,0.0,719000000.0,545000000.0,34000000.0,0.0,611000000.0
Earnings before Tax,0.0,1997000000.0,1943000000.0,1798000000.0,1660000000.0,1538000000.0,1741000000.0,1662000000.0,1399000000.0,1319000000.0
Income Tax Expense,401000000.0,472000000.0,698000000.0,605000000.0,568000000.0,476000000.0,600000000.0,600000000.0,495000000.0,440000000.0
Net Income - Non-Controlling int,0.0,0.0,0.0,0.0,0.0,0.0,0.0,0.0,0.0,0.0
Net Income - Discontinued ops,0.0,0.0,0.0,0.0,0.0,0.0,0.0,0.0,0.0,0.0
Net Income,1382000000.0,1525000000.0,1245000000.0,1193000000.0,1092000000.0,1062000000.0,1141000000.0,1062000000.0,904000000.0,879000000.0
Preferred Dividends,0.0,0.0,0.0,0.0,0.0,0.0,3000000.0,11000000.0,11000000.0,11000000.0
Net Income Com,1382000000.0,1525000000.0,1245000000.0,1193000000.0,1092000000.0,1062000000.0,1141000000.0,1062000000.0,904000000.0,868000000.0
EPS,4.43,4.97,4.15,4.07,3.73,3.62,3.88,3.59,3.49,3.16
EPS Diluted,4.42,4.94,4.12,4.05,3.71,3.61,3.86,3.57,3.47,3.14
Weighted Average Shs Out,311700000.0,307100000.0,300400000.0,293000000.0,292900000.0,292900000.0,292900000.0,292600000.0,284300000.0,275491885.0
Weighted Average Shs Out (Dil),312900000.0,308800000.0,301900000.0,294400000.0,294000000.0,294400000.0,294500000.0,294400000.0,285900000.0,275200000.0
Dividend per Share,2.69095557686,2.60038860104,2.52732692945,2.48980978261,2.51360544218,2.44904891304,2.40747028862,2.35394021739,2.34347674012,4.772
Gross Margin,0.978682013455,0.990775367739,0.991055900621,0.99211406723,0.993033516526,0.995790836976,0.995979652117,0.0,0.0,0.325
EBITDA Margin,0.32301207749,0.318042051026,0.296563146998,0.279193882428,0.261784967877,0.265339161405,0.273711847719,0.245169268821,0.257448217157,0.209
EBIT Margin,0.215935802869,0.216903515333,0.213250517598,0.193324836705,0.1709884666,0.181641573579,0.191910075484,0.173056113773,0.181783788896,0.1481
Profit Margin,0.112020750588,0.126734812599,0.103105590062,0.095029472678,0.0845266661506,0.0859640602234,0.0936166721365,0.0820837842016,0.0855008039346,0.067
Free Cash Flow margin,-0.207019534733,0.245325355273,0.216480331263,0.221841644097,0.205201640994,0.190464626842,0.20077125041,0.23628072345,0.205901825404,0.022
EBITDA,3985000000.0,3827000000.0,3581000000.0,3505000000.0,3382000000.0,3278000000.0,3336000000.0,3172000000.0,2722000000.0,2721000000.0
EBIT,2664000000.0,2610000000.0,2575000000.0,2427000000.0,2209000000.0,2244000000.0,2339000000.0,2239000000.0,1922000000.0,1930000000.0
Consolidated Income,1382000000.0,1525000000.0,1245000000.0,1193000000.0,1092000000.0,1062000000.0,1141000000.0,1062000000.0,904000000.0,879000000.0
Earnings Before Tax Margin,0.0,0.165960275908,0.160910973085,0.143221284053,0.128492917408,0.124494090983,0.142845421726,0.128458803525,0.132318168921,0.1012
Net Profit Margin,0.112020750588,0.126734812599,0.103105590062,0.095029472678,0.0845266661506,0.0859640602234,0.0936166721365,0.0820837842016,0.0855008039346,0.0674
