Date,2018-12-31,2017-12-31,2016-12-31,2015-12-31,2014-12-31,2013-12-31,2012-12-31,2011-12-31,2010-12-31,2009-12-31
Revenue,2536629000.0,2252422000.0,1958615000.0,1772262000.0,1664150000.0,1413169000.0,1267601000.0,1161304000.0,0.0,1032694000.0
Revenue Growth,0.126178398186485,0.150007530831736,0.105149802907245,0.0649652975993751,0.177601546594922,0.114837397572264,0.0915324497289254,0.0,-1,-0.0124
Cost of Revenue,1601476000.0,1485336000.0,1255074000.0,1151874000.0,1104934000.0,957087000.0,904966000.0,801186000.0,0.0,678370000.0
Gross Profit,935153000.0,767086000.0,703541000.0,620388000.0,559216000.0,456082000.0,362635000.0,360118000.0,0.0,354324000.0
R&D Expenses,0.0,0.0,0.0,0.0,2900000.0,2400000.0,1900000.0,1100000.0,0.0,0.0
SG&A Expense,216807000.0,190302000.0,165348000.0,156385000.0,157265000.0,129427000.0,120575000.0,112507000.0,0.0,216152000.0
Operating Expenses,577239000.0,501089000.0,453768000.0,415547000.0,400485000.0,337671000.0,304630000.0,280981000.0,0.0,282059000.0
Operating Income,357914000.0,265997000.0,249773000.0,204841000.0,158731000.0,118411000.0,58005000.0,79137000.0,0.0,72265000.0
Interest Expense,37573000.0,32571000.0,28332000.0,24814000.0,12330000.0,10139000.0,19653000.0,21385000.0,0.0,25716000.0
Earnings before Tax,294916000.0,256335000.0,232893000.0,141094000.0,141503000.0,115085000.0,47334000.0,62792000.0,0.0,56153000.0
Income Tax Expense,62785000.0,99395000.0,58795000.0,42602000.0,40015000.0,27732000.0,26937000.0,24704000.0,0.0,25836000.0
Net Income - Non-Controlling int,0.0,0.0,0.0,0.0,0.0,0.0,0.0,0.0,0.0,1495000.0
Net Income - Discontinued ops,0.0,0.0,0.0,0.0,0.0,0.0,0.0,0.0,0.0,-475000.0
Net Income,232851000.0,156845000.0,174415000.0,98808000.0,101648000.0,87986000.0,20535000.0,36961000.0,0.0,30317000.0
Preferred Dividends,0.0,0.0,0.0,0.0,0.0,0.0,0.0,0.0,0.0,0.0
Net Income Com,232851000.0,156845000.0,174415000.0,98808000.0,101648000.0,87986000.0,20535000.0,36961000.0,0.0,30317000.0
EPS,4.52,2.99,3.34,1.89,1.96,1.76,0.41,0.73,0.0,0.6
EPS Diluted,4.26,2.85,3.23,1.83,1.89,1.69,0.4,0.71,0.0,0.59
Weighted Average Shs Out,51487557.0,52523272.0,52276951.0,52274573.0,51757867.0,49964819.0,50529476.0,50944349.0,0.0,50768784.0
Weighted Average Shs Out (Dil),54627747.0,55116327.0,54001079.0,54076676.0,53901040.0,51982620.0,51412510.0,51729513.0,0.0,50486705.0
Dividend per Share,0.0,0.0,0.0,0.0,0.0,0.0,0.0091806449442,0.0203945473061,0.0,0.0
Gross Margin,0.368659744882,0.340560516635,0.359203314587,0.350054337338,0.336037015894,0.322737054096,0.286079768003,0.310097958846,0.0,0.3431
EBITDA Margin,0.188461142721,0.166279231867,0.175219223788,0.161956866423,0.140083526124,0.130600091001,0.102432863338,0.130496407487,0.0,0.133
EBIT Margin,0.141098284377,0.118093767509,0.127525317635,0.115581669076,0.0953826277679,0.0837911106173,0.045759667277,0.068144947404,0.0,0.0793
Profit Margin,0.0917954497879,0.0696339318298,0.0890501706563,0.0557524790353,0.0610810323589,0.062261484649,0.0161998925529,0.0318271529246,0.0,0.029
Free Cash Flow margin,0.112254886308,0.0861663578139,0.143351807272,0.0792399769334,0.103313403239,0.0908801424317,0.106691301127,0.0459001260652,0.0,0.061
EBITDA,478056000.0,374531000.0,343187000.0,287030000.0,233120000.0,184560000.0,129844000.0,151546000.0,0.0,137750000.0
EBIT,357914000.0,265997000.0,249773000.0,204841000.0,158731000.0,118411000.0,58005000.0,79137000.0,0.0,81869000.0
Consolidated Income,232851000.0,156845000.0,174415000.0,98808000.0,101648000.0,87986000.0,20535000.0,36961000.0,0.0,31812000.0
Earnings Before Tax Margin,0.116262961592,0.113804162808,0.11890698274,0.0796123823678,0.0850301955953,0.0814375350719,0.0373414031702,0.0540702520615,0.0,0.0544
Net Profit Margin,0.0917954497879,0.0696339318298,0.0890501706563,0.0557524790353,0.0610810323589,0.062261484649,0.0161998925529,0.0318271529246,0.0,0.0294
