Date,2019-03-31,2018-03-31,2017-03-31,2016-03-31,2015-03-31,2014-03-31,2013-03-31,2012-03-31,2011-03-31,2010-03-31
Revenue,352586000.0,296500000.0,253388000.0,209336000.0,162413000.0,128597000.0,0.0,0.0,70163000.0,63396000.0
Revenue Growth,0.189160202360877,0.170142232465626,0.210436809722169,0.288911601903789,0.262961033305598,0.0,0.0,-1,0.106741750268156,-0.0198
Cost of Revenue,22780000.0,20482000.0,19714000.0,20168000.0,15863000.0,15170000.0,0.0,0.0,22623000.0,20856000.0
Gross Profit,329806000.0,276018000.0,233674000.0,189168000.0,146550000.0,113427000.0,0.0,0.0,47540000.0,42540000.0
R&D Expenses,62063000.0,34797000.0,27452000.0,24040000.0,15118000.0,11633000.0,0.0,0.0,4819000.0,5049000.0
SG&A Expense,251539000.0,222959000.0,170491000.0,135124000.0,98849000.0,76274000.0,0.0,0.0,36477000.0,33516000.0
Operating Expenses,443574000.0,338396000.0,260057000.0,216410000.0,158531000.0,125522000.0,0.0,0.0,41296000.0,38565000.0
Operating Income,-90988000.0,-41896000.0,-6669000.0,-7074000.0,3882000.0,3075000.0,0.0,0.0,6244000.0,3975000.0
Interest Expense,0.0,0.0,0.0,0.0,0.0,0.0,0.0,0.0,0.0,0.0
Earnings before Tax,-88170000.0,-38203000.0,-4877000.0,-5967000.0,4715000.0,3817000.0,0.0,0.0,6549000.0,3882000.0
Income Tax Expense,569000.0,66294000.0,-126000.0,-847000.0,2789000.0,2219000.0,0.0,0.0,55000.0,3000.0
Net Income - Non-Controlling int,0.0,0.0,0.0,0.0,0.0,0.0,0.0,0.0,0.0,0.0
Net Income - Discontinued ops,0.0,0.0,0.0,0.0,0.0,0.0,0.0,0.0,0.0,0.0
Net Income,-88739000.0,-104497000.0,-4751000.0,-5120000.0,1926000.0,2514000.0,0.0,0.0,6494000.0,3879000.0
Preferred Dividends,0.0,0.0,0.0,0.0,0.0,0.0,0.0,0.0,0.0,0.0
Net Income Com,-88739000.0,-104497000.0,-4751000.0,-5120000.0,1926000.0,2514000.0,0.0,0.0,6494000.0,3879000.0
EPS,-0.94,-1.14,-0.05,-0.06,0.02,0.03,0.0,0.0,0.1,0.06
EPS Diluted,-0.94,-1.14,-0.05,-0.06,0.02,0.03,0.0,0.0,0.1,0.06
Weighted Average Shs Out,94533000.0,92017000.0,90340000.0,88477000.0,89071000.0,78310000.0,0.0,0.0,62436804.0,63130350.0
Weighted Average Shs Out (Dil),94533000.0,92017000.0,90340000.0,88477000.0,91652000.0,81658000.0,0.0,0.0,63087000.0,62861000.0
Dividend per Share,0.0,0.0,0.0,0.0,0.0,0.0,0.0,0.0,0.0,0.0
Gross Margin,0.93539164913,0.93092074199,0.922198367721,0.903657278251,0.902329247043,0.882034573124,0.0,0.0,0.6776,0.671
EBITDA Margin,-0.143959204279,-0.0882934232715,0.0148704753185,0.00923395880307,0.0615406402197,0.0577929500688,0.0,0.0,0.112,0.077
EBIT Margin,-0.258059026734,-0.141301854975,-0.0263193205677,-0.0337925631521,0.0239020275471,0.0239119108533,0.0,0.0,0.0933,0.0612
Profit Margin,-0.251680441084,-0.352435075885,-0.0187499013371,-0.0244582871556,0.0118586566346,0.0195494451659,0.0,0.0,0.093,0.061
Free Cash Flow margin,-0.0679663968507,0.0433827993255,0.0774582853174,0.0892010929797,0.0949061959326,0.0938124528566,0.0,0.0,0.0932,0.0228
EBITDA,-50758000.0,-26179000.0,3768000.0,1933000.0,9995000.0,7432000.0,0.0,0.0,7878000.0,4880000.0
EBIT,-90988000.0,-41896000.0,-6669000.0,-7074000.0,3882000.0,3075000.0,0.0,0.0,6549000.0,3882000.0
Consolidated Income,-88739000.0,-104497000.0,-4751000.0,-5120000.0,1926000.0,2514000.0,0.0,0.0,6494000.0,3879000.0
Earnings Before Tax Margin,-0.250066650406,-0.128846543002,-0.0192471624544,-0.0285044139565,0.0290309273272,0.0296818743828,0.0,0.0,0.0933,0.0612
Net Profit Margin,-0.251680441084,-0.352435075885,-0.0187499013371,-0.0244582871556,0.0118586566346,0.0195494451659,0.0,0.0,0.0926,0.0612
