Date,2018-12-31,2017-12-31,2016-12-31,2015-12-31,2014-12-31,2013-12-31,2012-12-31,2011-12-31,2010-12-31,2009-12-31
Revenue,10151000000.0,9549000000.0,9008000000.0,9648000000.0,9527000000.0,9350000000.0,8102000000.0,7178000000.0,5842000000.0,4396000000.0
Revenue Growth,0.0630432506021573,0.0600577264653641,-0.066334991708126,0.0127007452503411,0.0189304812834225,0.154036040483831,0.128726664809139,0.228688805203697,0.328935395814377,-0.2594
Cost of Revenue,7672000000.0,7095000000.0,6658000000.0,7068000000.0,7306000000.0,6574000000.0,6340000000.0,5538000000.0,4368000000.0,3364000000.0
Gross Profit,2479000000.0,2454000000.0,2350000000.0,2580000000.0,2221000000.0,2776000000.0,1762000000.0,1640000000.0,1474000000.0,1032000000.0
R&D Expenses,235000000.0,215000000.0,219000000.0,251000000.0,227000000.0,193000000.0,198000000.0,158000000.0,152000000.0,124000000.0
SG&A Expense,721000000.0,699000000.0,703000000.0,762000000.0,755000000.0,645000000.0,644000000.0,469000000.0,431000000.0,367000000.0
Operating Expenses,956000000.0,914000000.0,922000000.0,1013000000.0,982000000.0,838000000.0,842000000.0,627000000.0,583000000.0,687000000.0
Operating Income,1310000000.0,1532000000.0,1383000000.0,1384000000.0,1162000000.0,1862000000.0,800000000.0,1021000000.0,862000000.0,345000000.0
Interest Expense,0.0,0.0,0.0,0.0,0.0,0.0,0.0,0.0,0.0,78000000.0
Earnings before Tax,1310000000.0,1289000000.0,1049000000.0,1129000000.0,990000000.0,1679000000.0,649000000.0,964000000.0,636000000.0,236000000.0
Income Tax Expense,226000000.0,-99000000.0,190000000.0,275000000.0,235000000.0,507000000.0,206000000.0,307000000.0,211000000.0,100000000.0
Net Income - Non-Controlling int,0.0,0.0,0.0,0.0,0.0,0.0,0.0,0.0,0.0,0.0
Net Income - Discontinued ops,0.0,0.0,0.0,0.0,0.0,0.0,0.0,0.0,0.0,18000000.0
Net Income,1080000000.0,1384000000.0,854000000.0,848000000.0,751000000.0,1165000000.0,437000000.0,696000000.0,438000000.0,136000000.0
Preferred Dividends,0.0,0.0,0.0,0.0,0.0,0.0,0.0,0.0,0.0,0.0
Net Income Com,1080000000.0,1384000000.0,854000000.0,848000000.0,751000000.0,1165000000.0,437000000.0,696000000.0,438000000.0,136000000.0
EPS,7.65,9.56,5.8,5.71,5.03,7.57,3.0,4.98,6.07,0.94
EPS Diluted,7.56,9.47,5.75,5.66,4.97,7.44,2.93,4.86,5.92,0.93
Weighted Average Shs Out,141200000.0,144800000.0,147300000.0,148600000.0,149500000.0,154000000.0,145500000.0,139700000.0,0.0,145414474.0
Weighted Average Shs Out (Dil),142900000.0,146100000.0,148400000.0,149800000.0,151100000.0,156500000.0,149100000.0,143100000.0,0.0,145414474.0
Dividend per Share,2.22533240028,2.02600958248,1.83288409704,1.58878504673,1.38980807412,0.894568690096,1.28772635815,0.950384346611,0.0,0.88
Gross Margin,0.244212392868,0.25699026076,0.260879218472,0.267412935323,0.233126902488,0.296898395722,0.217477166132,0.228475898579,0.252310852448,0.2348
EBITDA Margin,0.188552851936,0.221908053199,0.21791740675,0.202632669983,0.169203316889,0.245454545455,0.143174524809,0.180273056562,0.195480999658,0.134
EBIT Margin,0.129051324993,0.160435647712,0.153530195382,0.143449419569,0.121969140338,0.199144385027,0.0987410515922,0.142240178323,0.147552208148,0.0714
Profit Margin,0.106393458773,0.14493664258,0.0948046181172,0.0878938640133,0.0788285924215,0.124598930481,0.0539372994322,0.0969629423238,0.0749743238617,0.031
Free Cash Flow margin,0.0999901487538,0.105560791706,0.0842584369449,0.0995024875622,0.0855463419754,0.0870588235294,0.081831646507,0.0234048481471,0.0568298527901,0.1001
EBITDA,1914000000.0,2119000000.0,1963000000.0,1955000000.0,1612000000.0,2295000000.0,1160000000.0,1294000000.0,1142000000.0,588000000.0
EBIT,1310000000.0,1532000000.0,1383000000.0,1384000000.0,1162000000.0,1862000000.0,800000000.0,1021000000.0,862000000.0,314000000.0
Consolidated Income,1080000000.0,1384000000.0,854000000.0,848000000.0,751000000.0,1165000000.0,437000000.0,696000000.0,438000000.0,136000000.0
Earnings Before Tax Margin,0.129051324993,0.134987956854,0.116452042629,0.11701907131,0.103915188412,0.179572192513,0.0801036781042,0.134299247701,0.108866826429,0.0537
Net Profit Margin,0.106393458773,0.14493664258,0.0948046181172,0.0878938640133,0.0788285924215,0.124598930481,0.0539372994322,0.0969629423238,0.0749743238617,0.0309
