Date,2018-12-31,2017-12-31,2016-12-31,2015-12-31,2014-12-31,2013-12-31,2012-12-31,2011-12-31,2010-12-31,2009-12-31
Revenue,7699000000.0,5739600000.0,4252400000.0,4452100000.0,3500400000.0,2295900000.0,1907800000.0,2013942000.0,1792676000.0,1583551000.0
Revenue Growth,0.341382674750854,0.349731916094441,-0.0448552368545181,0.271883213347046,0.524630863713576,0.2034280322885,-0.0527036031822168,0.123427769435191,0.132060792484738,-0.555
Cost of Revenue,7133800000.0,5088300000.0,4595400000.0,5719900000.0,3090200000.0,1736300000.0,1428100000.0,1638777000.0,1454376000.0,1272329000.0
Gross Profit,565200000.0,651300000.0,-343000000.0,-1267800000.0,410200000.0,559600000.0,479700000.0,375165000.0,338300000.0,311222000.0
R&D Expenses,0.0,0.0,0.0,0.0,0.0,0.0,0.0,0.0,0.0,0.0
SG&A Expense,140300000.0,128600000.0,122500000.0,136900000.0,97300000.0,45100000.0,41700000.0,55516000.0,51172000.0,62491000.0
Operating Expenses,411400000.0,356900000.0,331500000.0,34100000.0,53900000.0,388300000.0,353400000.0,292652000.0,269168000.0,294941000.0
Operating Income,153800000.0,294400000.0,-674500000.0,-1301900000.0,356300000.0,171300000.0,126300000.0,82513000.0,69132000.0,16281000.0
Interest Expense,0.0,0.0,0.0,0.0,0.0,0.0,0.0,79227000.0,87028000.0,95078000.0
Earnings before Tax,-14600000.0,123200000.0,-883600000.0,-1384000000.0,328100000.0,182500000.0,122000000.0,-8775000.0,-17672000.0,9622000.0
Income Tax Expense,18200000.0,-196800000.0,4600000.0,25700000.0,76400000.0,67000000.0,46200000.0,-2768000.0,-6021000.0,-6020000.0
Net Income - Non-Controlling int,0.0,0.0,0.0,0.0,0.0,0.0,0.0,4728000.0,-9862000.0,70463000.0
Net Income - Discontinued ops,0.0,0.0,0.0,0.0,0.0,3600000.0,6300000.0,0.0,0.0,-158442000.0
Net Income,-13200000.0,212800000.0,-460000000.0,-355200000.0,126000000.0,115500000.0,75800000.0,-6007000.0,-11651000.0,15642000.0
Preferred Dividends,38600000.0,38300000.0,39500000.0,58000000.0,11300000.0,0.0,0.0,0.0,0.0,0.0
Net Income Com,-13200000.0,212800000.0,-460000000.0,-355200000.0,126000000.0,115500000.0,75800000.0,-6007000.0,-11651000.0,15642000.0
EPS,-0.07,1.18,-2.56,-2.17,0.55,0.0,0.0,-0.12,-0.24,0.33
EPS Diluted,-0.07,1.17,-2.56,-2.17,0.55,0.0,0.0,-0.12,-0.24,0.33
Weighted Average Shs Out,181100000.0,180500000.0,179700000.0,164200000.0,164000000.0,47758109.0,47413631.0,47187511.0,46893220.0,46502477.0
Weighted Average Shs Out (Dil),181100000.0,180500000.0,179700000.0,164200000.0,164300000.0,47664000.0,47384000.0,47150000.0,46732000.0,46476000.0
Dividend per Share,2.85588072888,2.4027700831,2.13800779076,2.18940316687,1.24345709069,0.49,0.47,0.37,0.07,0.09
Gross Margin,0.0734121314456,0.113474806607,-0.0806603329884,-0.284764493161,0.117186607245,0.2437,0.2514,0.1863,0.1887,0.1965
EBITDA Margin,0.0955188985583,0.151404279044,-0.0275609067821,-0.205341299611,0.181579248086,0.161,0.14,0.097,0.101,0.148
EBIT Margin,0.0199766203403,0.0512927730155,-0.158616310789,-0.292423800004,0.101788367044,0.0795,0.0639,0.035,0.0387,0.0661
Profit Margin,-0.00171450837771,0.037075754408,-0.108174207506,-0.0797825745154,0.0359958861844,0.05,0.04,-0.003,-0.006,0.01
Free Cash Flow margin,0.000584491492402,-0.0158024949474,0.000799548490264,0.0126007951304,-0.0875042852245,0.0375,-0.0668,0.0219,0.054,0.304
EBITDA,735400000.0,869000000.0,-117200000.0,-914200000.0,635600000.0,369500000.0,267400000.0,195810000.0,180981000.0,234512000.0
EBIT,153800000.0,294400000.0,-674500000.0,-1301900000.0,356300000.0,182500000.0,122000000.0,70452000.0,69356000.0,104700000.0
Consolidated Income,-13200000.0,212800000.0,-460000000.0,-355200000.0,126000000.0,115500000.0,75800000.0,-1279000.0,-21513000.0,86105000.0
Earnings Before Tax Margin,-0.00189635017535,0.0214649104467,-0.20778854294,-0.310864535837,0.0937321448977,0.0795,0.0639,-0.0044,-0.0099,0.0061
Net Profit Margin,-0.00171450837771,0.037075754408,-0.108174207506,-0.0797825745154,0.0359958861844,0.0503,0.0397,-0.003,-0.0065,0.0099
