Date,2018-12-31,2017-12-31,2016-12-31,2015-12-31,2014-12-31,2013-12-31,2012-12-31,2011-12-31,2010-12-31,2009-12-31
Revenue,2040659000.0,1849317000.0,1654864000.0,1341826000.0,1027406000.0,904556000.0,824719000.0,758277000.0,649532000.0,542002000.0
Revenue Growth,0.103466306750006,0.117503915729631,0.233292543146429,0.306032863347109,0.135812487010202,0.0968050936137036,0.087622333263438,0.167420542790809,0.198394101866783,0.1547
Cost of Revenue,1673352000.0,1687415000.0,1493852000.0,1184581000.0,897587000.0,806511000.0,703534000.0,637815000.0,531146000.0,449021000.0
Gross Profit,367307000.0,161902000.0,161012000.0,157245000.0,129819000.0,98045000.0,121185000.0,120462000.0,118386000.0,92981000.0
R&D Expenses,0.0,0.0,0.0,0.0,0.0,0.0,0.0,0.0,0.0,0.0
SG&A Expense,100307000.0,80617000.0,69165000.0,64163000.0,56895000.0,40103000.0,31819000.0,29766000.0,26099000.0,20767000.0
Operating Expenses,238819000.0,80617000.0,69165000.0,64163000.0,56895000.0,40103000.0,45138000.0,29766000.0,42732000.0,34043000.0
Operating Income,128488000.0,81285000.0,91847000.0,93082000.0,72924000.0,57942000.0,76047000.0,90696000.0,75654000.0,58938000.0
Interest Expense,15182000.0,13616000.0,7136000.0,2828000.0,12976000.0,12787000.0,12229000.0,13778000.0,9123000.0,5691000.0
Earnings before Tax,115369000.0,69278000.0,85818000.0,91099000.0,60542000.0,45661000.0,64073000.0,77167000.0,66779000.0,53526000.0
Income Tax Expense,22841000.0,28445000.0,32975000.0,35182000.0,26801000.0,20003000.0,24265000.0,29492000.0,26253000.0,21040000.0
Net Income - Non-Controlling int,0.0,0.0,0.0,0.0,0.0,0.0,0.0,0.0,0.0,0.0
Net Income - Discontinued ops,0.0,0.0,0.0,0.0,0.0,0.0,0.0,0.0,0.0,0.0
Net Income,92364000.0,40475000.0,49990000.0,55432000.0,35950000.0,24040000.0,39808000.0,47675000.0,40526000.0,32486000.0
Preferred Dividends,0.0,0.0,0.0,0.0,0.0,0.0,0.0,0.0,0.0,0.0
Net Income Com,92364000.0,40475000.0,49990000.0,55432000.0,35950000.0,24040000.0,39808000.0,47675000.0,40526000.0,32486000.0
EPS,1.78,0.79,0.99,1.1,1.61,1.1,1.89,2.27,0.975,0.79
EPS Diluted,1.7,0.77,0.96,1.06,1.56,1.07,1.85,2.21,0.96,0.775
Weighted Average Shs Out,52016000.0,50932000.0,50555000.0,50316000.0,22341000.0,21900000.0,21429000.0,20967000.0,41560002.0,41261164.0
Weighted Average Shs Out (Dil),54397000.0,52829000.0,52133000.0,52210000.0,23095000.0,22364000.0,21942000.0,21583000.0,41488000.0,41206000.0
Dividend per Share,0.173152931228,0.165004069734,0.156772102123,0.143535721126,0.272656419138,0.193078161331,0.300975298514,0.214845016911,0.103,0.092
Gross Margin,0.179994305761,0.0875469159695,0.097296212861,0.117187325331,0.126356085131,0.108390193642,0.146940958072,0.158862790247,0.1823,0.1716
EBITDA Margin,0.0867401167956,0.068563691352,0.0793744984482,0.0907599047865,0.0973724116854,0.102486744878,0.127724715934,0.151262665227,0.142,0.134
EBIT Margin,0.0629639738927,0.0439540652035,0.0555012375639,0.0693696500142,0.0709787562074,0.0640557356316,0.092209588963,0.119608006045,0.1169,0.1093
Profit Margin,0.045261849236,0.0218864586223,0.0302079204092,0.0413108704109,0.0349910356763,0.0265765745847,0.0482685617768,0.0628728024192,0.062,0.06
Free Cash Flow margin,0.07612932881,0.00853612441783,0.00494844289319,-0.0198602501368,0.030355088446,0.00847377055705,0.0523778402098,0.042087522106,0.0491,0.0452
EBITDA,177007000.0,126796000.0,131354000.0,121784000.0,100041000.0,92705000.0,105337000.0,114699000.0,92535000.0,72493000.0
EBIT,128488000.0,81285000.0,91847000.0,93082000.0,72924000.0,57942000.0,76047000.0,90696000.0,75902000.0,59217000.0
Consolidated Income,92364000.0,40475000.0,49990000.0,55432000.0,35950000.0,24040000.0,39808000.0,47675000.0,40526000.0,32486000.0
Earnings Before Tax Margin,0.0565351682961,0.0374613979107,0.0518580378811,0.0678918130965,0.0589270453939,0.0504789089896,0.077690704349,0.101766241097,0.1028,0.0988
Net Profit Margin,0.045261849236,0.0218864586223,0.0302079204092,0.0413108704109,0.0349910356763,0.0265765745847,0.0482685617768,0.0628728024192,0.0624,0.0599
