Date,2018-12-31,2017-12-31,2016-12-31,2015-12-31,2014-12-31,2013-12-31,2012-12-31,2011-12-31,2010-12-31,2009-12-31
Revenue,812363000.0,683679000.0,578164000.0,420919000.0,348748000.0,242535000.0,157266000.0,123178000.0,98052000.0,77924000.0
Revenue Growth,0.188222835570494,0.182500121072914,0.373575438504795,0.206943122254465,0.437928546395366,0.542196024569837,0.276737729139944,0.256251784767266,0.258302961860274,-0.1515
Cost of Revenue,340539000.0,279894000.0,244589000.0,189944000.0,168718000.0,114773000.0,68634000.0,49641000.0,31444000.0,24624000.0
Gross Profit,471824000.0,403785000.0,333575000.0,230975000.0,180030000.0,127762000.0,88632000.0,73537000.0,66608000.0,53300000.0
R&D Expenses,0.0,0.0,0.0,0.0,0.0,0.0,0.0,0.0,0.0,0.0
SG&A Expense,139984000.0,121010000.0,115435000.0,72227000.0,54321000.0,44808000.0,30617000.0,21856000.0,58634000.0,44489000.0
Operating Expenses,457659000.0,387365000.0,357019000.0,211983000.0,158778000.0,122250000.0,85590000.0,62161000.0,65298000.0,48988000.0
Operating Income,14165000.0,16420000.0,-23444000.0,18992000.0,21252000.0,5512000.0,3042000.0,11376000.0,1310000.0,4312000.0
Interest Expense,25203000.0,16347000.0,16600000.0,10271000.0,626000.0,0.0,3000.0,786000.0,564000.0,0.0
Earnings before Tax,-9162000.0,-1689000.0,-40490000.0,8988000.0,22507000.0,5712000.0,3068000.0,10580000.0,907000.0,944000.0
Income Tax Expense,-13172000.0,1591000.0,15077000.0,4552000.0,8528000.0,2052000.0,2603000.0,2975000.0,1533000.0,1816000.0
Net Income - Non-Controlling int,0.0,0.0,0.0,0.0,0.0,0.0,0.0,0.0,0.0,0.0
Net Income - Discontinued ops,0.0,0.0,0.0,0.0,0.0,0.0,0.0,0.0,0.0,0.0
Net Income,5755000.0,-3280000.0,-55567000.0,4436000.0,14174000.0,5712000.0,465000.0,7605000.0,-626000.0,-872000.0
Preferred Dividends,0.0,0.0,0.0,0.0,0.0,0.0,0.0,0.0,422000.0,720000.0
Net Income Com,5755000.0,-3280000.0,-55567000.0,4436000.0,14174000.0,5712000.0,465000.0,7605000.0,-1048000.0,-1592000.0
EPS,0.13,-0.08,-1.3,0.12,0.41,0.11,0.01,0.24,-0.05,-0.12
EPS Diluted,0.12,-0.08,-1.3,0.12,0.38,0.1,0.01,0.23,-0.05,-0.12
Weighted Average Shs Out,45268002.0,43732148.0,42814222.0,36500843.0,34559558.0,33191088.0,32162672.0,31643390.0,31366875.0,
Weighted Average Shs Out (Dil),47384085.0,43732148.0,42814222.0,38386873.0,36877599.0,35666575.0,33341615.0,32863834.0,20805911.0,12910998.0
Dividend per Share,0.0,0.0,0.0,0.0,0.0,0.0,0.0,0.0,0.0,0.0
Gross Margin,0.580804394095,0.590606117783,0.576955673477,0.548739781288,0.516218014153,0.526777578494,0.563580176262,0.596997840523,0.6793,0.684
EBITDA Margin,0.112992590751,0.115902345984,0.070144457282,0.115872650082,0.117001387822,0.0839384006432,0.107022496916,0.181201188524,0.073,0.07
EBIT Margin,0.0174367862643,0.0240171191451,-0.0405490483669,0.0451203200616,0.0609379838737,0.022726616777,0.0193430239213,0.0923541541509,0.015,0.0121
Profit Margin,0.00708427144023,-0.00479757313008,-0.0961094084032,0.0105388447659,0.0406425269822,0.0235512400272,0.00295677387356,0.0617399210898,-0.011,-0.02
Free Cash Flow margin,0.119233643088,0.136997041009,0.108702721027,0.0362159940511,0.142853865829,0.0937266786237,0.15071916371,0.161741544756,-0.0412,0.0511
EBITDA,91791000.0,79240000.0,40555000.0,48773000.0,40804000.0,20358000.0,16831000.0,22320000.0,7174000.0,5443000.0
EBIT,14165000.0,16420000.0,-23444000.0,18992000.0,21252000.0,5512000.0,3042000.0,11376000.0,1471000.0,944000.0
Consolidated Income,5755000.0,-3280000.0,-55567000.0,4436000.0,14174000.0,5712000.0,465000.0,7605000.0,-626000.0,-872000.0
Earnings Before Tax Margin,-0.0112782093719,-0.00247045762704,-0.0700320324337,0.0213532769963,0.064536570819,0.0235512400272,0.019508348912,0.0858919612268,0.0093,0.0121
Net Profit Margin,0.00708427144023,-0.00479757313008,-0.0961094084032,0.0105388447659,0.0406425269822,0.0235512400272,0.00295677387356,0.0617399210898,-0.0064,-0.0112
