Date,2018-12-31,2017-12-31,2016-12-31,2015-12-31,2014-12-31,2013-12-31,2012-12-31,2011-12-31,2010-12-31,2009-12-31
Revenue,1495098000.0,27377000.0,37918000.0,5639000.0,2349000.0,1242000.0,7701000.0,109613000.0,91600000.0,
Revenue Growth,53.6114621762794,-0.277994619969408,5.72424188685937,1.40059599829715,0.891304347826087,-0.838722243864433,-0.929743734775985,0.196648471615721,0.0,
Cost of Revenue,760688000.0,218383000.0,152670000.0,165562000.0,112889000.0,51816000.0,20239000.0,26221000.0,24300000.0,
Gross Profit,734410000.0,-191006000.0,-114752000.0,-159923000.0,-110540000.0,-50574000.0,-12538000.0,83392000.0,67300000.0,
R&D Expenses,0.0,0.0,0.0,0.0,0.0,0.0,0.0,0.0,0.0,
SG&A Expense,129851000.0,71186000.0,72761000.0,56425000.0,37190000.0,21497000.0,16575000.0,17302000.0,18477000.0,
Operating Expenses,7757000.0,35005000.0,55995000.0,10764000.0,6334000.0,19825000.0,45980000.0,28772000.0,29363000.0,
Operating Income,726653000.0,580708000.0,526949000.0,437808000.0,273736000.0,114250000.0,70691000.0,54620000.0,37937000.0,
Interest Expense,0.0,0.0,0.0,0.0,0.0,0.0,9955000.0,5050000.0,5164000.0,
Earnings before Tax,671348000.0,571904000.0,548101000.0,400153000.0,245229000.0,113820000.0,68437000.0,53396000.0,33271000.0,
Income Tax Expense,0.0,0.0,10147000.0,6703000.0,12456000.0,4053000.0,13131000.0,20807000.0,14030000.0,
Net Income - Non-Controlling int,0.0,0.0,0.0,0.0,0.0,0.0,0.0,0.0,0.0,
Net Income - Discontinued ops,0.0,0.0,0.0,0.0,0.0,0.0,0.0,0.0,0.0,
Net Income,668002000.0,571904000.0,537954000.0,393450000.0,232773000.0,109767000.0,55306000.0,32589000.0,19241000.0,
Preferred Dividends,-6104000.0,0.0,0.0,-54447000.0,-15705000.0,2927000.0,640000.0,0.0,0.0,
Net Income Com,668002000.0,571904000.0,537954000.0,393450000.0,232773000.0,109767000.0,55306000.0,32589000.0,19241000.0,
EPS,2.43,5.19,5.21,4.7,3.52,2.46,0.0,,,
EPS Diluted,2.43,5.19,5.21,4.7,3.52,2.46,0.0,,,
Weighted Average Shs Out,99303000.0,80603000.0,79367000.0,69612000.0,55745000.0,40739000.0,34679000.0,34679436.0,,
Weighted Average Shs Out (Dil),99303000.0,80603000.0,79367000.0,69612000.0,55745000.0,40739000.0,34679000.0,34679436.0,,
Dividend per Share,0.0,0.0,4.15123414013,3.04921565247,2.1459861871,1.62438940573,0.357161394504,0.0,0.0,0.0
Gross Margin,0.49121194731,-6.97687840158,-3.02631995358,-28.360170243,-47.0583226905,-40.7198067633,-1.62810024672,0.7608,0.7347,
EBITDA Margin,0.628797577149,24.7723636629,15.5503982278,86.7969498138,132.11366539,109.049919485,11.8075574601,0.638,0.538,
EBIT Margin,0.48602365865,21.2115279249,13.8970673559,77.6392977478,116.532992763,91.9887278583,9.17945721335,0.5332,0.4196,
Profit Margin,0.446794792047,20.8899441137,14.1872989082,69.7730093988,99.0945083014,88.3792270531,7.18166471887,0.297,0.21,
Free Cash Flow margin,0.23425621598,12.7466851737,-1.23727517274,9.66855825501,22.822051937,30.8494363929,-11.7030255811,-0.8053,-0.0839,
EBITDA,940114000.0,678193000.0,589640000.0,489448000.0,310335000.0,135440000.0,90930000.0,69916000.0,49321000.0,
EBIT,726653000.0,580708000.0,526949000.0,437808000.0,273736000.0,114250000.0,70691000.0,58446000.0,38435000.0,
Consolidated Income,668002000.0,571904000.0,537954000.0,393450000.0,232773000.0,109767000.0,55306000.0,32589000.0,19241000.0,
Earnings Before Tax Margin,0.449032772434,20.8899441137,14.4549026847,70.9616953361,104.397190294,91.6425120773,8.88676795221,0.4871,0.3632,
Net Profit Margin,0.446794792047,20.8899441137,14.1872989082,69.7730093988,99.0945083014,88.3792270531,7.18166471887,0.2973,0.2101,
