Date,2018-12-31,2017-12-31,2016-12-31,2015-12-31,2014-12-31,2013-12-31,2012-12-31,2011-12-31,2010-12-31,2009-12-31
Revenue,11009452000.0,11074481000.0,10845645000.0,11513251000.0,12494921000.0,11390947000.0,10302079000.0,0.0,0.0,10745650000.0
Revenue Growth,-0.00587196817620618,0.0210993444834309,-0.0579858807907515,-0.078565522743201,0.0969167883934496,0.105694006035093,0.0,0.0,-1,-0.1793
Cost of Revenue,8238468000.0,7511940000.0,7056384000.0,8068695000.0,8730793000.0,8189235000.0,7140925000.0,0.0,0.0,7201013000.0
Gross Profit,2770984000.0,3562541000.0,3789261000.0,3444556000.0,3764128000.0,3201712000.0,3161154000.0,0.0,0.0,3544637000.0
R&D Expenses,0.0,0.0,0.0,0.0,0.0,0.0,0.0,0.0,0.0,0.0
SG&A Expense,0.0,0.0,0.0,0.0,0.0,0.0,0.0,0.0,0.0,0.0
Operating Expenses,2301619000.0,2202134000.0,4604492000.0,3897758000.0,1757239000.0,1890282000.0,1859973000.0,0.0,0.0,1260111000.0
Operating Income,469365000.0,1360407000.0,-815231000.0,-453202000.0,2006889000.0,1311430000.0,1301181000.0,0.0,0.0,2284526000.0
Interest Expense,-1036826000.0,662343000.0,666370000.0,643469000.0,627507000.0,604037000.0,569284000.0,0.0,0.0,570444000.0
Earnings before Tax,-188165000.0,967923000.0,-1381762000.0,-799661000.0,1549854000.0,956553000.0,899218000.0,0.0,0.0,1883790000.0
Income Tax Expense,-1036826000.0,542570000.0,-817259000.0,-642927000.0,589597000.0,225981000.0,30855000.0,0.0,0.0,632740000.0
Net Income - Non-Controlling int,0.0,0.0,0.0,0.0,0.0,0.0,0.0,0.0,0.0,0.0
Net Income - Discontinued ops,0.0,0.0,0.0,0.0,0.0,0.0,0.0,0.0,0.0,0.0
Net Income,848661000.0,425353000.0,-564503000.0,-156734000.0,960257000.0,730572000.0,868363000.0,0.0,0.0,1251050000.0
Preferred Dividends,0.0,13741000.0,19115000.0,19828000.0,19536000.0,18670000.0,21690000.0,0.0,0.0,19958000.0
Net Income Com,848661000.0,411612000.0,-583618000.0,-176562000.0,940721000.0,711902000.0,846673000.0,0.0,0.0,1231092000.0
EPS,4.68,2.29,-3.26,-0.99,5.24,3.99,4.77,0.0,0.0,6.39
EPS Diluted,4.63,2.28,-3.26,-0.99,5.22,3.99,4.76,0.0,0.0,6.3
Weighted Average Shs Out,181409597.0,180251407.0,179127892.0,178386800.0,180481135.0,178319275.0,177732990.0,0.0,0.0,188932291.0
Weighted Average Shs Out (Dil),181409597.0,179671797.0,178885660.0,179176356.0,179506151.0,178211192.0,177324813.0,0.0,0.0,192772032.0
Dividend per Share,3.57039545157,3.5,3.42,3.34,3.32,3.32,3.32,0.0,0.0,3.0
Gross Margin,0.251691364838,0.3217,0.3494,0.2992,0.3013,0.2811,0.3068,0.0,0.0,0.3299
EBITDA Margin,0.227978649619,0.335,0.13,0.17,0.345,0.314,0.315,0.0,0.0,0.364
EBIT Margin,0.0426329121558,0.1472,-0.066,-0.0136,0.1743,0.137,0.1425,0.0,0.0,0.2284
Profit Margin,0.0770847631653,0.037,-0.054,-0.015,0.075,0.062,0.082,0.0,0.0,0.115
Free Cash Flow margin,0.216654471085,-0.1244,-0.0964,0.0258,0.0987,0.0322,-0.0727,0.0,0.0,0.0443
EBITDA,2509920000.0,3708844000.0,1407899000.0,1961044000.0,4305253000.0,3572666000.0,3240151000.0,0.0,0.0,3913095000.0
EBIT,469365000.0,1630266000.0,-715392000.0,-156192000.0,2177361000.0,1560590000.0,1468502000.0,0.0,0.0,2454234000.0
Consolidated Income,848661000.0,425353000.0,-564503000.0,-156734000.0,960257000.0,730572000.0,868363000.0,0.0,0.0,1251050000.0
Earnings Before Tax Margin,-0.0170912230691,0.0874,-0.1274,-0.0695,0.124,0.084,0.0873,0.0,0.0,0.1753
Net Profit Margin,0.0770847631653,0.0384,-0.052,-0.0136,0.0769,0.0641,0.0843,0.0,0.0,0.1164
