Date,2018-12-31,2017-12-31,2016-12-31,2015-12-31,2014-12-31,2013-12-31,2012-12-31,2011-12-31,2010-12-31,2009-12-31
Revenue,30636000.0,28812000.0,24778000.0,25576000.0,29680000.0,25093000.0,26247000.0,19023000.0,22816000.0,24739000.0
Revenue Growth,0.0633069554352353,0.162805714746953,-0.0312011260556772,-0.138274932614555,0.182799984059299,-0.0439669295538538,0.379750827945119,-0.166242987377279,-0.0777315170378754,-0.3459
Cost of Revenue,29200000.0,10076000.0,7349000.0,7562000.0,8226000.0,8088000.0,8372000.0,8802000.0,8616000.0,8402000.0
Gross Profit,1436000.0,18736000.0,17429000.0,18014000.0,21454000.0,17005000.0,17875000.0,10221000.0,14200000.0,16337000.0
R&D Expenses,4170000.0,2042000.0,3014000.0,3847000.0,3643000.0,2956000.0,3069000.0,2484000.0,2486000.0,2244000.0
SG&A Expense,13269000.0,11279000.0,8820000.0,9847000.0,9372000.0,9008000.0,8683000.0,9888000.0,10875000.0,11677000.0
Operating Expenses,17439000.0,13321000.0,11834000.0,13694000.0,13015000.0,11964000.0,12284000.0,12991000.0,14396000.0,14904000.0
Operating Income,-16003000.0,5415000.0,5595000.0,4320000.0,8439000.0,5041000.0,5591000.0,-2770000.0,-196000.0,1433000.0
Interest Expense,478000.0,365000.0,340000.0,121000.0,17000.0,20000.0,3000.0,14000.0,102000.0,547000.0
Earnings before Tax,-15213000.0,3937000.0,4892000.0,4211000.0,8405000.0,5080000.0,6965000.0,-1360000.0,4931000.0,4865000.0
Income Tax Expense,-426000.0,1421000.0,1457000.0,915000.0,2797000.0,1274000.0,1401000.0,-405000.0,-422000.0,41000.0
Net Income - Non-Controlling int,0.0,0.0,0.0,0.0,0.0,0.0,0.0,0.0,0.0,0.0
Net Income - Discontinued ops,0.0,0.0,0.0,0.0,0.0,0.0,0.0,0.0,-5337000.0,-4528000.0
Net Income,-14787000.0,2516000.0,3435000.0,3296000.0,5608000.0,3806000.0,5564000.0,32309000.0,5353000.0,4824000.0
Preferred Dividends,0.0,0.0,0.0,0.0,0.0,0.0,0.0,0.0,0.0,0.0
Net Income Com,-14787000.0,2516000.0,3435000.0,3296000.0,5608000.0,3806000.0,5564000.0,32309000.0,5353000.0,4824000.0
EPS,-1.22,0.21,0.29,0.28,0.48,0.33,0.49,2.97,0.53,0.49
EPS Diluted,-1.22,0.21,0.29,0.28,0.47,0.32,0.48,2.88,0.49,0.48
Weighted Average Shs Out,12108000.0,11934000.0,11845.0,11693.0,11642.0,11459.0,11278.0,10871000.0,10309674.0,9920893.0
Weighted Average Shs Out (Dil),12108000.0,11981000.0,11961.0,11935.0,11926.0,11756.0,11529.0,11202000.0,10174000.0,9816000.0
Dividend per Share,0.0,0.0,217.038709138,430.917469627,409.441556264,351.054780538,3889.40931564,0.193715407963,0.15,0.0
Gross Margin,0.0468729599164,0.650284603637,0.703406247478,0.704332186425,0.722843665768,0.677679033994,0.681030212977,0.537296956316,0.6224,0.6604
EBITDA Margin,-0.486453845149,0.226919339164,0.269150052466,0.192133249922,0.296327493261,0.216195751803,0.238732045567,-0.0973032644693,0.266,0.258
EBIT Margin,-0.522359315838,0.187942523948,0.22580514973,0.16890835158,0.284332884097,0.200892679233,0.213014820741,-0.145613205068,0.2206,0.2188
Profit Margin,-0.482667450059,0.0873247258087,0.138631043668,0.12887081639,0.188948787062,0.15167576615,0.211986131748,1.69841770488,0.235,0.195
Free Cash Flow margin,0.0777516647082,0.117242815494,0.27584954395,0.0792539881139,-0.0332884097035,0.332562866138,-0.00941059930659,0.253535194239,0.2379,0.1302
EBITDA,-14903000.0,6538000.0,6669000.0,4914000.0,8795000.0,5425000.0,6266000.0,-1851000.0,6068000.0,6395000.0
EBIT,-16003000.0,5415000.0,5595000.0,4320000.0,8439000.0,5041000.0,5591000.0,-2770000.0,5033000.0,5412000.0
Consolidated Income,-14787000.0,2516000.0,3435000.0,3296000.0,5608000.0,3806000.0,5564000.0,32309000.0,5353000.0,4824000.0
Earnings Before Tax Margin,-0.496572659616,0.1366444537,0.197433206877,0.164646543635,0.283187331536,0.202446897541,0.265363660609,-0.0714924039321,0.2161,0.1967
Net Profit Margin,-0.482667450059,0.0873247258087,0.138631043668,0.12887081639,0.188948787062,0.15167576615,0.211986131748,1.69841770488,0.2346,0.195
