Date,2018-12-31,2017-12-31,2016-12-31,2015-12-31,2014-12-31,2013-12-31,2012-12-31,2011-12-31,2010-12-31,2009-12-31
Revenue,469515000.0,974948000.0,859456000.0,826999000.0,593053000.0,582444000.0,584486000.0,544063000.0,605590000.0,667720000.0
Revenue Growth,-0.518420469604533,0.134378025169409,0.0392467221846701,0.394477390722246,0.018214626642218,-0.00349366794072056,0.0742983808860371,-0.101598441189584,-0.0930479841849877,-0.0058
Cost of Revenue,303905000.0,857468000.0,939174000.0,816719000.0,559271000.0,533294000.0,528504000.0,0.0,463045000.0,501810000.0
Gross Profit,165610000.0,117480000.0,-79718000.0,10280000.0,33782000.0,49150000.0,55982000.0,0.0,142545000.0,165910000.0
R&D Expenses,20500000.0,18862000.0,19356000.0,19098000.0,804000.0,0.0,0.0,0.0,0.0,0.0
SG&A Expense,0.0,0.0,0.0,0.0,559271000.0,533294000.0,528504000.0,0.0,73720000.0,76005000.0
Operating Expenses,79797000.0,35661000.0,38837000.0,20010000.0,560075000.0,533294000.0,528504000.0,0.0,89915000.0,93856000.0
Operating Income,85813000.0,81819000.0,-118555000.0,-9730000.0,33782000.0,49150000.0,55982000.0,38296000.0,52630000.0,72054000.0
Interest Expense,0.0,0.0,0.0,0.0,0.0,0.0,0.0,19581000.0,16329000.0,17960000.0
Earnings before Tax,2646000.0,-72067000.0,-217783000.0,-123083000.0,20301000.0,38885000.0,40463000.0,18715000.0,36245000.0,54194000.0
Income Tax Expense,-9710000.0,-20164000.0,31696000.0,-18111000.0,8161000.0,14487000.0,14774000.0,9586000.0,18751000.0,20556000.0
Net Income - Non-Controlling int,0.0,0.0,0.0,0.0,0.0,0.0,0.0,0.0,56000.0,-56000.0
Net Income - Discontinued ops,0.0,0.0,0.0,0.0,0.0,0.0,0.0,0.0,0.0,-44000.0
Net Income,12356000.0,-51903000.0,-249479000.0,-104972000.0,12140000.0,24398000.0,25689000.0,9129000.0,17494000.0,33638000.0
Preferred Dividends,0.0,0.0,0.0,0.0,0.0,0.0,0.0,0.0,0.0,0.0
Net Income Com,12356000.0,-51903000.0,-249479000.0,-104972000.0,12140000.0,24398000.0,25689000.0,9129000.0,17494000.0,33638000.0
EPS,0.18,-0.78,-3.78,-1.59,0.18,0.37,0.39,0.14,0.27,0.45
EPS Diluted,0.17,-0.78,-3.78,-1.59,0.18,0.36,0.38,0.14,0.26,0.45
Weighted Average Shs Out,69464000.0,66816000.0,66050000.0,65854000.0,65780000.0,66014000.0,65933000.0,64673000.0,64865731.0,70401580.0
Weighted Average Shs Out (Dil),73796000.0,66816000.0,66050000.0,65854000.0,66863000.0,67205000.0,67337000.0,64859000.0,65903000.0,74232000.0
Dividend per Share,0.0,0.0,0.0,0.0,0.0,0.0,0.0,0.0,0.0,0.0
Gross Margin,0.352725685015,0.120498734291,-0.0927540211483,0.0124304866149,0.0569628684114,0.0843857950292,0.0957798818107,0.0,0.2354,0.2485
EBITDA Margin,0.462519834297,0.212639033056,0.0381322604066,0.155263791129,0.0990822068179,0.116545109916,0.126788323416,0.103449416704,0.114,0.135
EBIT Margin,0.182769453585,0.0839213988849,-0.137941907439,-0.0117654313971,0.0569628684114,0.0843857950292,0.0957798818107,0.070388907167,0.0868,0.1081
Profit Margin,0.0263165181091,-0.0532366854437,-0.290275476581,-0.126931229663,0.0204703458207,0.0418890056383,0.0439514376734,0.0167793068082,0.029,0.05
Free Cash Flow margin,0.407345878193,-0.000679010572872,0.0593049556929,0.0575562969242,0.0109770964821,-0.0165715502263,0.24608630489,0.0860782666713,0.0988,0.1254
EBITDA,217160000.0,207312000.0,32773000.0,128403000.0,58761000.0,67881000.0,74106000.0,56283000.0,68769000.0,90090000.0
EBIT,85813000.0,81819000.0,-118555000.0,-9730000.0,33782000.0,49150000.0,55982000.0,38296000.0,52574000.0,72154000.0
Consolidated Income,12356000.0,-51903000.0,-249479000.0,-104972000.0,12140000.0,24398000.0,25689000.0,9129000.0,17550000.0,33582000.0
Earnings Before Tax Margin,0.0056356026964,-0.0739188141316,-0.253396334425,-0.148830893387,0.0342313418868,0.066761783107,0.0692283476422,0.0343985898692,0.0599,0.0812
Net Profit Margin,0.0263165181091,-0.0532366854437,-0.290275476581,-0.126931229663,0.0204703458207,0.0418890056383,0.0439514376734,0.0167793068082,0.0289,0.0504
