Date,2018-12-31,2017-12-31,2016-12-31,2015-12-31,2014-12-31,2013-12-31,2012-12-31,2011-12-31,2010-12-31,2009-12-31
Revenue,5747844000.0,5772363000.0,5575846000.0,5175456000.0,4677949000.0,4956077000.0,4541821000.0,3820574000.0,3906612000.0,4067885000.0
Revenue Growth,-0.00424765386376429,0.0352443378099036,0.0773632313751677,0.10635152285756,-0.0561185792714681,0.0912092308349448,0.188779748802143,-0.0220236870208764,-0.0396454177047778,-0.0754
Cost of Revenue,2036516000.0,2097197000.0,1999190000.0,1835695000.0,2082956000.0,2313982000.0,926768000.0,1750052000.0,1674738000.0,346714000.0
Gross Profit,3711328000.0,3675166000.0,3576656000.0,3339761000.0,2594993000.0,2642095000.0,3615053000.0,2070522000.0,2231874000.0,3721171000.0
R&D Expenses,0.0,0.0,0.0,0.0,0.0,0.0,0.0,0.0,0.0,0.0
SG&A Expense,1748949000.0,1898551000.0,1756633000.0,1594935000.0,1410752000.0,1445582000.0,1334866000.0,1186479000.0,1216050000.0,1216565000.0
Operating Expenses,3101790000.0,3229835000.0,3099075000.0,2906996000.0,2244433000.0,2331387000.0,3147647000.0,1940229000.0,2019768000.0,3475956000.0
Operating Income,609538000.0,445331000.0,477581000.0,432765000.0,350560000.0,310708000.0,467406000.0,130293000.0,127829000.0,245215000.0
Interest Expense,40978000.0,35987000.0,32214000.0,29108000.0,19247000.0,15301000.0,9066000.0,12082000.0,14899000.0,19819000.0
Earnings before Tax,609538000.0,445331000.0,477581000.0,432765000.0,350560000.0,310708000.0,467406000.0,130293000.0,0.0,192457000.0
Income Tax Expense,133640000.0,23468000.0,134105000.0,143895000.0,116345000.0,123644000.0,165678000.0,51714000.0,83150000.0,70068000.0
Net Income - Non-Controlling int,0.0,0.0,0.0,0.0,0.0,0.0,0.0,0.0,0.0,11888000.0
Net Income - Discontinued ops,0.0,0.0,0.0,0.0,0.0,0.0,0.0,0.0,0.0,0.0
Net Income,474496000.0,423049000.0,342993000.0,288086000.0,233534000.0,186367000.0,301041000.0,78276000.0,127829000.0,122389000.0
Preferred Dividends,0.0,0.0,0.0,0.0,0.0,0.0,0.0,0.0,0.0,0.0
Net Income Com,474496000.0,423049000.0,342993000.0,288086000.0,233534000.0,186367000.0,301041000.0,78276000.0,127829000.0,122389000.0
EPS,4.21,3.79,3.1,2.65,2.18,1.74,2.83,0.74,0.0,1.18
EPS Diluted,4.19,3.76,3.09,2.62,2.15,1.71,2.77,0.73,0.0,1.18
Weighted Average Shs Out,112613000.0,111668000.0,110548000.0,108427000.0,106884000.0,106991000.0,106307000.0,105197000.0,0.0,104139103.0
Weighted Average Shs Out (Dil),113279000.0,112435000.0,111156000.0,109826000.0,108688000.0,109102000.0,108542000.0,106914000.0,0.0,104006000.0
Dividend per Share,1.57564067479,1.41667630186,1.18339091007,0.988144883725,0.827497055793,0.470422173746,0.411868216911,0.235853115588,0.0,0.0
Gross Margin,0.645690453673,0.636683105342,0.641455305616,0.645307582559,0.554728792469,0.533102088608,0.795947924852,0.541940033095,0.571306799856,0.9148
EBITDA Margin,0.123258564429,0.0939256592144,0.0983353916159,0.0946695325011,0.0879825752696,0.0778083149233,0.119413776985,0.0542279772621,0.0327211916617,0.073
EBIT Margin,0.106046371474,0.0771488210288,0.0856517558053,0.0836187188143,0.0749388246858,0.0626923270159,0.102911585463,0.0341029908071,0.0327211916617,0.0522
Profit Margin,0.0825519968879,0.0732887034305,0.0615140733801,0.0556638873947,0.0499223056942,0.0376037337596,0.0662820045088,0.0204880209099,0.0327211916617,0.03
Free Cash Flow margin,0.117434467602,0.0862606873476,0.0640532396339,0.0826257628313,0.0563099341186,0.0587823796926,0.0761331192929,0.0167574296428,0.0,0.05
EBITDA,708471000.0,542173000.0,548303000.0,489958000.0,411578000.0,385624000.0,542356000.0,207182000.0,127829000.0,296488000.0
EBIT,609538000.0,445331000.0,477581000.0,432765000.0,350560000.0,310708000.0,467406000.0,130293000.0,127829000.0,212276000.0
Consolidated Income,474496000.0,423049000.0,342993000.0,288086000.0,233534000.0,186367000.0,301041000.0,78276000.0,127829000.0,134277000.0
Earnings Before Tax Margin,0.106046371474,0.0771488210288,0.0856517558053,0.0836187188143,0.0749388246858,0.0626923270159,0.102911585463,0.0341029908071,0.0,0.0473
Net Profit Margin,0.0825519968879,0.0732887034305,0.0615140733801,0.0556638873947,0.0499223056942,0.0376037337596,0.0662820045088,0.0204880209099,0.0327211916617,0.0301
