Date,2018-12-31,2017-12-31,2016-12-31,2015-12-31,2014-12-31,2013-12-31,2012-12-31,2011-12-31,2010-12-31,2009-12-31
Revenue,18628000000.0,16403000000.0,14830000000.0,15877000000.0,21438000000.0,20921000000.0,0.0,0.0,0.0,15040000000.0
Revenue Growth,0.135645918429556,0.106068779501011,-0.0659444479435662,-0.259399197686351,0.0247120118541179,0.0,0.0,0.0,-1,-0.1549
Cost of Revenue,14182000000.0,12742000000.0,17686000000.0,28563000000.0,20623000000.0,14703000000.0,11480000000.0,11054000000.0,9390000000.0,8020000000.0
Gross Profit,4446000000.0,3661000000.0,-2856000000.0,-12686000000.0,815000000.0,6218000000.0,-11480000000.0,-11054000000.0,-9390000000.0,7020000000.0
R&D Expenses,105000000.0,0.0,0.0,0.0,0.0,0.0,0.0,0.0,0.0,90000000.0
SG&A Expense,443000000.0,484000000.0,607000000.0,569000000.0,592000000.0,657000000.0,431000000.0,415000000.0,381000000.0,321000000.0
Operating Expenses,-308000000.0,28000000.0,-64000000.0,696000000.0,718000000.0,867000000.0,716000000.0,686000000.0,524000000.0,517000000.0
Operating Income,4754000000.0,3633000000.0,-2792000000.0,-13382000000.0,97000000.0,5351000000.0,5814000000.0,9140000000.0,9068000000.0,6503000000.0
Interest Expense,0.0,0.0,0.0,0.0,0.0,0.0,0.0,312000000.0,0.0,586000000.0
Earnings before Tax,3892000000.0,2902000000.0,-3472000000.0,-14021000000.0,-424000000.0,3539000000.0,3938000000.0,2112000000.0,0.0,5056000000.0
Income Tax Expense,991000000.0,883000000.0,371000000.0,-1935000000.0,324000000.0,1475000000.0,1510000000.0,3087000000.0,2983000000.0,2307000000.0
Net Income - Non-Controlling int,0.0,0.0,0.0,0.0,0.0,0.0,0.0,0.0,0.0,785000000.0
Net Income - Discontinued ops,0.0,0.0,0.0,0.0,0.0,0.0,0.0,0.0,0.0,0.0
Net Income,2602000000.0,1817000000.0,-4154000000.0,-12236000000.0,-1308000000.0,2658000000.0,3041000000.0,4560000000.0,4273000000.0,2749000000.0
Preferred Dividends,0.0,0.0,-161000000.0,41000000.0,40000000.0,22000000.0,0.0,0.0,0.0,222000000.0
Net Income Com,2602000000.0,1817000000.0,-4154000000.0,-12236000000.0,-1308000000.0,2658000000.0,3041000000.0,4560000000.0,4273000000.0,2527000000.0
EPS,1.79,1.25,-3.16,-11.31,-1.26,2.65,3.2,4.81,4.67,3.05
EPS Diluted,1.78,1.25,-3.16,-11.31,-1.26,2.64,3.19,4.78,4.57,2.93
Weighted Average Shs Out,1449000000.0,1447000000.0,1318000000.0,1082000000.0,1039000000.0,1002000000.0,949000000.0,947000000.0,915000000.0,859755204.0
Weighted Average Shs Out (Dil),1458000000.0,1454000000.0,1318000000.0,1082000000.0,1039000000.0,1006000000.0,954000000.0,955000000.0,949000000.0,829000000.0
Dividend per Share,0.149519890261,0.00137551581843,0.00455235204856,0.559149722736,1.25601539942,2.26739562624,1.18343815514,1.49005235602,0.932560590095,0.0
Gross Margin,0.238672965428,0.223190879717,-0.192582602832,-0.799017446621,0.0380166060267,0.297213326323,0.0,0.0,0.0,0.4668
EBITDA Margin,0.349366544986,0.325976955435,-0.0122724207687,-0.622598727719,0.184718723762,0.38946513073,0.0,0.0,0.0,0.443
EBIT Margin,0.255207214945,0.221483874901,-0.188267026298,-0.842854443535,0.00452467580931,0.255771712633,0.0,0.0,0.0,0.3751
Profit Margin,0.13968219884,0.110772419679,-0.280107889413,-0.770674560685,-0.0610131542121,0.127049376225,0.0,0.0,0.0,0.168
Free Cash Flow margin,0.101567532746,0.199475705664,0.0617666891436,-0.197329470303,-0.0738874895046,0.0407724296162,0.0,0.0,0.0,0.1916
EBITDA,6508000000.0,5347000000.0,-182000000.0,-9885000000.0,3960000000.0,8148000000.0,6993000000.0,10162000000.0,9068000000.0,6656000000.0
EBIT,4754000000.0,3633000000.0,-2792000000.0,-13382000000.0,97000000.0,5351000000.0,5814000000.0,9140000000.0,9068000000.0,5642000000.0
Consolidated Income,2602000000.0,1817000000.0,-4154000000.0,-12236000000.0,-1308000000.0,2658000000.0,3041000000.0,4560000000.0,4273000000.0,3534000000.0
Earnings Before Tax Margin,0.208932789349,0.176918856307,-0.234120026972,-0.883101341563,-0.0197779643623,0.169160173988,0.0,0.0,0.0,0.3362
Net Profit Margin,0.13968219884,0.110772419679,-0.280107889413,-0.770674560685,-0.0610131542121,0.127049376225,0.0,0.0,0.0,0.1828
