Date,2018-12-31,2017-12-31,2016-12-31,2015-12-31,2014-12-31,2013-12-31,2012-12-31,2011-12-31,2010-12-31,2009-12-31
Revenue,1064219000.0,818620000.0,587635000.0,1073652000.0,1739717000.0,1524811000.0,1414933000.0,1128131000.0,747335000.0,677378000.0
Revenue Growth,0.300015880384061,0.393075633684175,-0.452676472451036,-0.382858246484917,0.140939434461058,0.0776559738164281,0.254227567543131,0.509538560351114,0.103276161906646,
Cost of Revenue,807847000.0,629832000.0,487900000.0,810975000.0,1180265000.0,1049586000.0,951876000.0,765670000.0,533078000.0,491463000.0
Gross Profit,256372000.0,188788000.0,99735000.0,262677000.0,559452000.0,475225000.0,463057000.0,362461000.0,214257000.0,185915000.0
R&D Expenses,0.0,0.0,0.0,0.0,0.0,0.0,0.0,0.0,0.0,0.0
SG&A Expense,286980000.0,253713000.0,227008000.0,264906000.0,312821000.0,269669000.0,225268000.0,186774000.0,141441000.0,128562000.0
Operating Expenses,653510000.0,331383000.0,230511000.0,391224000.0,316578000.0,272983000.0,225268000.0,201848000.0,140980000.0,135708000.0
Operating Income,-396998000.0,-141595000.0,-128952000.0,-113723000.0,268038000.0,209554000.0,240880000.0,160613000.0,73277000.0,50207000.0
Interest Expense,0.0,26808000.0,27410000.0,29945000.0,29847000.0,18370000.0,16372000.0,19532000.0,18189000.0,19451000.0
Earnings before Tax,-389754000.0,-55279000.0,-137999000.0,-134323000.0,242522000.0,137352000.0,222795000.0,140452000.0,44235000.0,30347000.0
Income Tax Expense,-15674000.0,4121000.0,-56051000.0,-14939000.0,68145000.0,56478000.0,71265000.0,47110000.0,20297000.0,11011000.0
Net Income - Non-Controlling int,0.0,0.0,0.0,0.0,0.0,0.0,0.0,251000.0,111000.0,155000.0
Net Income - Discontinued ops,0.0,0.0,0.0,0.0,0.0,0.0,0.0,0.0,0.0,1342000.0
Net Income,-374080000.0,-59400000.0,-81978000.0,-119353000.0,174365000.0,129539000.0,151456000.0,93342000.0,23938000.0,19336000.0
Preferred Dividends,0.0,0.0,0.0,0.0,0.0,0.0,0.0,0.0,0.0,0.0
Net Income Com,-374080000.0,-59400000.0,-81978000.0,-119353000.0,174365000.0,129539000.0,151456000.0,93342000.0,23938000.0,19336000.0
EPS,-3.44,-0.6,-0.9,-1.33,1.88,1.43,1.89,1.48,0.44,0.4
EPS Diluted,-3.44,-0.6,-0.9,-1.33,1.83,1.37,1.74,1.38,0.44,0.4
Weighted Average Shs Out,108771000.0,98689000.0,91226000.0,89908000.0,92628000.0,90697000.0,80111000.0,83975758.0,,
Weighted Average Shs Out (Dil),108771000.0,98689000.0,91226000.0,89908000.0,95308000.0,94604000.0,86937000.0,63270000.0,53798000.0,48248000.0
Dividend per Share,0.0,0.0,0.0,0.0,0.0,0.0,0.0,0.0,0.0,0.0
Gross Margin,0.240901543761,0.23061738047,0.169722702017,0.244657486783,0.321576440306,0.311661576418,0.327264259156,0.3213,0.2867,0.2745
EBITDA Margin,-0.303029733542,-0.0934084190467,-0.11434308712,-0.0447444795893,0.191473670718,0.177158349461,0.206853610736,0.178,0.128,0.13
EBIT Margin,-0.373041638986,-0.172967921624,-0.219442340909,-0.105921658042,0.154069886079,0.137429491262,0.170241276442,0.1418,0.0835,0.0735
Profit Margin,-0.351506597796,-0.0725611394786,-0.139504964817,-0.111165442806,0.100226071252,0.0849541352994,0.107041110781,0.083,0.032,0.029
Free Cash Flow margin,-0.0203304019192,-0.0815298917691,0.0815370085172,0.115141591503,0.124258140836,0.0991139229714,0.0623746848791,-0.0009,0.0629,0.1458
EBITDA,-322490000.0,-76466000.0,-67192000.0,-48040000.0,333110000.0,270133000.0,292684000.0,200759000.0,95640000.0,88236000.0
EBIT,-396998000.0,-141595000.0,-128952000.0,-113723000.0,268038000.0,209554000.0,240880000.0,159984000.0,62424000.0,49798000.0
Consolidated Income,-374080000.0,-59400000.0,-81978000.0,-119353000.0,174365000.0,129539000.0,151456000.0,93593000.0,24049000.0,19491000.0
Earnings Before Tax Margin,-0.366234769347,-0.0675270577313,-0.23483795213,-0.125108508157,0.139403132808,0.0900780490172,0.157459752511,0.1245,0.0592,0.0448
Net Profit Margin,-0.351506597796,-0.0725611394786,-0.139504964817,-0.111165442806,0.100226071252,0.0849541352994,0.107041110781,0.0827,0.032,0.0285
