Date,2018-12-31,2017-12-31,2016-12-31,2015-12-31,2014-12-31,2013-12-31,2012-12-31,2011-12-31,2010-12-31,2009-12-31
Revenue,4030000.0,0.0,0.0,0.0,0.0,0.0,0.0,0.0,125161000.0,106241000.0
Revenue Growth,0.0,0.0,0.0,0.0,0.0,0.0,0.0,-1,0.178085673139372,0.1924
Cost of Revenue,0.0,0.0,0.0,0.0,0.0,0.0,0.0,0.0,0.0,0.0
Gross Profit,0.0,0.0,0.0,0.0,0.0,0.0,0.0,0.0,125161000.0,106241000.0
R&D Expenses,0.0,0.0,0.0,0.0,0.0,0.0,0.0,0.0,0.0,0.0
SG&A Expense,64560000.0,62087000.0,60825000.0,53093000.0,48998000.0,44397000.0,42503000.0,38262000.0,52371000.0,46645000.0
Operating Expenses,64560000.0,62087000.0,60825000.0,53093000.0,48998000.0,44397000.0,42503000.0,38262000.0,70385000.0,64909000.0
Operating Income,65485000.0,66134000.0,106019000.0,73376000.0,72812000.0,60708000.0,56178000.0,58817000.0,54776000.0,41332000.0
Interest Expense,89592000.0,61478000.0,53911000.0,49726000.0,54741000.0,54863000.0,63275000.0,76723000.0,0.0,0.0
Earnings before Tax,65485000.0,66134000.0,106019000.0,73376000.0,72812000.0,60708000.0,56178000.0,58817000.0,54776000.0,41332000.0
Income Tax Expense,10395000.0,25013000.0,41103000.0,27167000.0,28573000.0,22956000.0,21847000.0,23469000.0,15941000.0,15771000.0
Net Income - Non-Controlling int,0.0,0.0,0.0,0.0,0.0,0.0,0.0,0.0,0.0,0.0
Net Income - Discontinued ops,0.0,0.0,0.0,0.0,0.0,0.0,0.0,0.0,0.0,0.0
Net Income,55090000.0,41121000.0,64916000.0,46209000.0,44239000.0,37752000.0,34331000.0,35348000.0,38835000.0,25561000.0
Preferred Dividends,0.0,0.0,0.0,0.0,0.0,0.0,0.0,0.0,0.0,4443000.0
Net Income Com,55090000.0,41121000.0,64916000.0,46209000.0,44239000.0,37752000.0,34331000.0,35348000.0,38835000.0,21118000.0
EPS,1.92,1.41,2.24,1.59,1.49,1.26,1.13,1.15,1.28,0.91
EPS Diluted,1.92,1.41,2.24,1.59,1.48,1.26,1.13,1.15,1.28,0.91
Weighted Average Shs Out,28709000.0,29080000.0,28957000.0,29106000.0,29788000.0,30047000.0,30402000.0,0.0,31237874.0,31126764.0
Weighted Average Shs Out (Dil),28710000.0,29082000.0,28970000.0,29126000.0,29817000.0,30073000.0,30433000.0,0.0,31237874.0,31126764.0
Dividend per Share,0.798571926158,0.720514407537,0.679634104246,0.639154020463,0.598718851662,0.519336281714,0.51973187001,0.0,0.52,0.52
Gross Margin,0.0,0.0,0.0,0.0,0.0,0.0,0.0,0.0,1.0,1.0
EBITDA Margin,15.6652605459,0.0,0.0,0.0,0.0,0.0,0.0,0.0,0.464,0.419
EBIT Margin,16.2493796526,0.0,0.0,0.0,0.0,0.0,0.0,0.0,0.4376,0.389
Profit Margin,13.6699751861,0.0,0.0,0.0,0.0,0.0,0.0,0.0,0.31,0.199
Free Cash Flow margin,17.8397022333,0.0,0.0,0.0,0.0,0.0,0.0,0.0,0.5128,0.2385
EBITDA,63131000.0,63457000.0,102016000.0,67963000.0,67996000.0,64624000.0,60316000.0,56598000.0,58040000.0,44463000.0
EBIT,65485000.0,66134000.0,106019000.0,73376000.0,72812000.0,60708000.0,56178000.0,58817000.0,54776000.0,41332000.0
Consolidated Income,55090000.0,41121000.0,64916000.0,46209000.0,44239000.0,37752000.0,34331000.0,35348000.0,38835000.0,25561000.0
Earnings Before Tax Margin,16.2493796526,0.0,0.0,0.0,0.0,0.0,0.0,0.0,0.4376,0.389
Net Profit Margin,13.6699751861,0.0,0.0,0.0,0.0,0.0,0.0,0.0,0.3103,0.2406
