Date,2019-09-30,2018-09-30,2017-09-30,2016-09-30,2015-09-30,2014-09-30,2013-09-30,2012-09-30,2011-09-30,2010-09-30,2009-09-30
Revenue,2242447000.0,2161407000.0,2090041000.0,1995034000.0,1919823000.0,1732046000.0,1481314000.0,1377247000.0,1151834000.0,0.0,653079000.0
Revenue Growth,0.0374940952814532,0.0341457416385612,0.0476217447923193,0.0391760073715129,0.108413402415409,0.16926323520874,0.0755616095006923,0.195699206656515,0.0,-1,0.0045
Cost of Revenue,356577000.0,361481000.0,353485000.0,337205000.0,332261000.0,309959000.0,253047000.0,236168000.0,208004000.0,0.0,142726000.0
Gross Profit,1885870000.0,1799926000.0,1736556000.0,1657829000.0,1587562000.0,1422087000.0,1228267000.0,1141079000.0,943830000.0,0.0,510353000.0
R&D Expenses,408058000.0,366084000.0,350365000.0,334227000.0,296583000.0,263792000.0,209614000.0,177406000.0,138910000.0,0.0,103664000.0
SG&A Expense,959349000.0,824517000.0,809126000.0,767174000.0,738080000.0,664738000.0,585442000.0,537370000.0,454258000.0,0.0,280436000.0
Operating Expenses,1367407000.0,1209027000.0,1172600000.0,1110452000.0,1034663000.0,928530000.0,797449000.0,714776000.0,593168000.0,0.0,388429000.0
Operating Income,518463000.0,590899000.0,563956000.0,547377000.0,552899000.0,493557000.0,430818000.0,426303000.0,350662000.0,0.0,121924000.0
Interest Expense,0.0,0.0,0.0,0.0,0.0,0.0,0.0,0.0,0.0,0.0,0.0
Earnings before Tax,541111000.0,603760000.0,575517000.0,549891000.0,561344000.0,497342000.0,438092000.0,432214000.0,360751000.0,0.0,131648000.0
Income Tax Expense,113377000.0,150071000.0,154756000.0,184036000.0,196330000.0,186159000.0,160778000.0,157028000.0,119354000.0,0.0,40113000.0
Net Income - Non-Controlling int,0.0,0.0,0.0,0.0,0.0,0.0,0.0,0.0,0.0,0.0,0.0
Net Income - Discontinued ops,0.0,0.0,0.0,0.0,0.0,0.0,0.0,0.0,0.0,0.0,0.0
Net Income,427734000.0,453689000.0,420761000.0,365855000.0,365014000.0,311183000.0,277314000.0,275186000.0,241397000.0,0.0,91535000.0
Preferred Dividends,0.0,0.0,0.0,0.0,0.0,0.0,0.0,0.0,0.0,0.0,0.0
Net Income Com,427734000.0,453689000.0,420761000.0,365855000.0,365014000.0,311183000.0,277314000.0,275186000.0,241397000.0,0.0,91535000.0
EPS,7.12,7.41,6.56,5.43,5.07,4.13,3.53,3.48,2.99,0.0,1.16
EPS Diluted,7.08,7.32,6.5,5.38,5.03,4.09,3.5,3.45,2.96,0.0,1.14
Weighted Average Shs Out,60044000.0,61262000.0,64173000.0,67433000.0,71944000.0,75395000.0,78565000.0,79135000.0,80658000.0,0.0,78729016.0
Weighted Average Shs Out (Dil),60456000.0,62013000.0,64775000.0,67984000.0,72547000.0,76092000.0,79136000.0,79780000.0,81482000.0,0.0,78842000.0
Dividend per Share,0.0,0.0,0.0,0.0,0.0,0.0,0.0,0.0,0.0,0.0,0.0
Gross Margin,0.840987546194,0.832756625661,0.83087173888,0.830977817922,0.826931441076,0.821044591194,0.829173963117,0.828521681296,0.819414950418,0.0,0.7815
EBITDA Margin,0.26175423544,0.300910471744,0.29908695571,0.302828422974,0.315384282822,0.311584103425,0.317841456977,0.335046654667,0.322571655291,0.0,0.242
EBIT Margin,0.231204126564,0.273386271073,0.269830113381,0.274369760114,0.287994778685,0.284956057749,0.2908350289,0.309532712723,0.304437965887,0.0,0.2016
Profit Margin,0.190744307446,0.209904474261,0.201317103349,0.183382839591,0.190128985849,0.179662087497,0.187208113877,0.199808748903,0.209576206294,0.0,0.14
Free Cash Flow margin,0.287319611121,0.327380729312,0.335687194653,0.324830053022,0.325151849936,0.303845278936,0.319385356515,0.338043938379,0.335545747043,0.0,0.2914
EBITDA,586970000.0,650390000.0,625104000.0,604153000.0,605482000.0,539678000.0,470823000.0,461442000.0,371549000.0,0.0,158055000.0
EBIT,518463000.0,590899000.0,563956000.0,547377000.0,552899000.0,493557000.0,430818000.0,426303000.0,350662000.0,0.0,131648000.0
Consolidated Income,427734000.0,453689000.0,420761000.0,365855000.0,365014000.0,311183000.0,277314000.0,275186000.0,241397000.0,0.0,91535000.0
Earnings Before Tax Margin,0.241303807849,0.279336561786,0.275361583816,0.275629889014,0.292393621704,0.287141334583,0.295745534033,0.313824608077,0.313197040546,0.0,0.2016
Net Profit Margin,0.190744307446,0.209904474261,0.201317103349,0.183382839591,0.190128985849,0.179662087497,0.187208113877,0.199808748903,0.209576206294,0.0,0.1402
