Date,2018-12-31,2017-12-31,2016-12-31,2015-12-31,2014-12-31,2013-12-31,2012-12-31,2011-12-31,2010-12-31,2009-12-31
Revenue,1936105000.0,1332533000.0,1270525000.0,1162045000.0,1150762000.0,1166951000.0,1281996000.0,1442843000.0,0.0,1130865000.0
Revenue Growth,0.452950883767982,0.0488050215462112,0.093352667065389,0.00980480759705308,-0.0138729046892286,-0.0897389695443667,-0.111479211528905,0.0,-1,-0.1189
Cost of Revenue,0.0,0.0,0.0,0.0,0.0,0.0,0.0,0.0,0.0,0.0
Gross Profit,0.0,0.0,0.0,0.0,0.0,0.0,0.0,0.0,0.0,1130865000.0
R&D Expenses,0.0,0.0,0.0,0.0,0.0,0.0,0.0,0.0,0.0,0.0
SG&A Expense,658223000.0,589411000.0,562948000.0,511633000.0,478159000.0,529041000.0,640857000.0,610225000.0,0.0,979290000.0
Operating Expenses,684078000.0,598111000.0,568146000.0,516886000.0,482329000.0,532953000.0,644767000.0,614241000.0,0.0,1536813000.0
Operating Income,714109000.0,308872000.0,227046000.0,85879000.0,219523000.0,29602000.0,-101705000.0,149848000.0,0.0,-405948000.0
Interest Expense,325704000.0,147616000.0,88825000.0,82685000.0,81531000.0,94679000.0,110286000.0,131605000.0,0.0,0.0
Earnings before Tax,714109000.0,308872000.0,205049000.0,97313000.0,231050000.0,40519000.0,-101705000.0,149848000.0,0.0,-440553000.0
Income Tax Expense,157602000.0,131892000.0,106810000.0,10941000.0,78501000.0,-32169000.0,-85262000.0,15836000.0,0.0,-170716000.0
Net Income - Non-Controlling int,0.0,0.0,0.0,0.0,0.0,0.0,0.0,0.0,0.0,11402000.0
Net Income - Discontinued ops,0.0,0.0,0.0,0.0,0.0,0.0,0.0,0.0,0.0,23203000.0
Net Income,545042000.0,165515000.0,227046000.0,85879000.0,219523000.0,29602000.0,-27759000.0,131196000.0,0.0,-269837000.0
Preferred Dividends,6200000.0,6200000.0,6200000.0,6200000.0,6200000.0,5838000.0,0.0,0.0,0.0,59585000.0
Net Income Com,545042000.0,165515000.0,227046000.0,85879000.0,219523000.0,29602000.0,-27759000.0,131196000.0,0.0,-329422000.0
EPS,1.66,0.66,0.95,0.34,0.91,0.1,-0.11,0.5,0.0,-1.41
EPS Diluted,1.65,0.65,0.94,0.34,0.9,0.1,-0.11,0.5,0.0,-1.41
Weighted Average Shs Out,324375000.0,241436000.0,232700000.0,234189000.0,234997000.0,237972000.0,248349000.0,260574000.0,0.0,218653769.0
Weighted Average Shs Out (Dil),327445000.0,244453000.0,235292000.0,236266000.0,236735000.0,239794000.0,248349000.0,262861000.0,0.0,234431000.0
Dividend per Share,0.423600910077,0.3268685596,0.26989442905,0.228331626218,0.200080258517,0.159424339225,0.0405316711563,0.0302212956658,0.0,4.0
Gross Margin,0.0,0.0,0.0,0.0,0.0,0.0,0.0,0.0,0.0,1.0
EBITDA Margin,0.399376066897,0.284997069491,0.229605084512,0.126175836564,0.240203447802,0.0867345758305,0.0126888071414,0.165762317868,0.0,-0.355
EBIT Margin,0.368837950421,0.231793133829,0.17870250487,0.0739033342082,0.190763163886,0.0253669605665,-0.0793333208528,0.1038560675,0.0,-0.3896
Profit Margin,0.281514690577,0.124210807537,0.17870250487,0.0739033342082,0.190763163886,0.0253669605665,-0.0216529536754,0.0909288120745,0.0,-0.291
Free Cash Flow margin,0.101305972558,-0.228887389656,0.0933189036028,0.278516752794,0.578620079565,0.334127139871,0.272769961841,0.00593619680034,0.0,0.6748
EBITDA,773234000.0,379768000.0,291719000.0,146622000.0,276417000.0,101215000.0,16267000.0,239169000.0,0.0,-401998000.0
EBIT,714109000.0,308872000.0,227046000.0,85879000.0,219523000.0,29602000.0,-101705000.0,149848000.0,0.0,-440553000.0
Consolidated Income,545042000.0,165515000.0,227046000.0,85879000.0,219523000.0,29602000.0,-27759000.0,131196000.0,0.0,-258435000.0
Earnings Before Tax Margin,0.368837950421,0.231793133829,0.161389189508,0.0837428843117,0.200780004901,0.0347221091545,-0.0793333208528,0.1038560675,0.0,-0.3896
Net Profit Margin,0.281514690577,0.124210807537,0.17870250487,0.0739033342082,0.190763163886,0.0253669605665,-0.0216529536754,0.0909288120745,0.0,-0.2386
