Date,2018-12-31,2017-12-31,2016-12-31,2015-12-31,2014-12-31,2013-12-31,2012-12-31,2011-12-31,2010-12-31,2009-12-31
Revenue,1775686000.0,1800434000.0,1662167000.0,1557067000.0,1530654000.0,1496372000.0,1405358000.0,1544062000.0,1385301000.0,1147087000.0
Revenue Growth,-0.0137455746781054,0.0831847822751866,0.0674987010835115,0.0172560225890371,0.0229100785098893,0.0647621460154637,-0.0898305897042994,0.114603974154353,0.207668642395912,0.0651
Cost of Revenue,875368000.0,941658000.0,895046000.0,803506000.0,780281000.0,759362000.0,673968000.0,715458000.0,622690000.0,488558000.0
Gross Profit,900318000.0,858776000.0,767121000.0,753561000.0,750373000.0,737010000.0,731390000.0,828604000.0,762611000.0,658529000.0
R&D Expenses,176281000.0,170735000.0,147537000.0,132892000.0,142751000.0,147696000.0,137762000.0,147177000.0,116381000.0,91301000.0
SG&A Expense,386869000.0,373867000.0,322435000.0,313544000.0,331995000.0,322739000.0,290298000.0,368232000.0,285658000.0,219941000.0
Operating Expenses,581712000.0,568815000.0,471403000.0,447797000.0,491129000.0,496267000.0,428060000.0,515409000.0,402039000.0,311242000.0
Operating Income,318606000.0,289961000.0,295718000.0,305764000.0,259244000.0,240743000.0,303330000.0,313195000.0,360572000.0,347287000.0
Interest Expense,16147000.0,16804000.0,18071000.0,14086000.0,14593000.0,14091000.0,11659000.0,5487000.0,2884000.0,6882000.0
Earnings before Tax,307103000.0,279065000.0,275957000.0,305446000.0,249529000.0,118269000.0,291912000.0,311079000.0,362939000.0,340393000.0
Income Tax Expense,24678000.0,171842000.0,109331000.0,63760000.0,49268000.0,51971000.0,66556000.0,88427000.0,114326000.0,110180000.0
Net Income - Non-Controlling int,0.0,0.0,0.0,0.0,0.0,0.0,0.0,0.0,0.0,0.0
Net Income - Discontinued ops,0.0,0.0,0.0,0.0,0.0,0.0,0.0,0.0,0.0,0.0
Net Income,282425000.0,107223000.0,166626000.0,241686000.0,200261000.0,177015000.0,222398000.0,221474000.0,248126000.0,230213000.0
Preferred Dividends,0.0,0.0,0.0,0.0,0.0,0.0,0.0,0.0,0.0,0.0
Net Income Com,282425000.0,107223000.0,166626000.0,241686000.0,200261000.0,177015000.0,222398000.0,221474000.0,248126000.0,230213000.0
EPS,2.05,0.78,1.22,1.73,1.42,1.24,1.47,1.4,1.59,1.54
EPS Diluted,2.01,0.77,1.2,1.72,1.39,1.22,1.45,1.38,1.54,1.45
Weighted Average Shs Out,137815000.0,137456000.0,137138000.0,139353000.0,141143000.0,142446000.0,151634000.0,158323000.0,0.0,151782318.0
Weighted Average Shs Out (Dil),140209000.0,139646000.0,138497000.0,140774000.0,143569000.0,144595000.0,153594000.0,160851000.0,0.0,151782318.0
Dividend per Share,0.628511721787,0.591531443794,0.475966988455,0.436152982795,0.393629543982,0.355503302327,0.276377983515,0.236473506537,0.0,0.0
Gross Margin,0.507025453825,0.476982771932,0.461518607938,0.48396183337,0.49023031985,0.492531268963,0.520429669878,0.536639072783,0.55050202086,0.5741
EBITDA Margin,0.216855908083,0.200491103812,0.212512340818,0.22818414365,0.206767172725,0.202849959769,0.258329194412,0.253029347267,0.304532372387,0.34
EBIT Margin,0.179426993286,0.161050613352,0.177911124454,0.196371768203,0.169368126304,0.160884459212,0.215838241928,0.202838357527,0.260284227038,0.3027
Profit Margin,0.159051206125,0.0595539742084,0.100246244812,0.155218754235,0.130833617526,0.11829611888,0.158250068666,0.143435950111,0.179113420116,0.201
Free Cash Flow margin,0.193381036963,0.147821580797,0.166252849443,0.133314751388,0.107785299617,0.202425600051,0.161849151604,0.130744102245,0.13663312161,0.2029
EBITDA,385068000.0,360971000.0,353231000.0,355298000.0,316489000.0,303539000.0,363045000.0,390693000.0,421869000.0,389701000.0
EBIT,318606000.0,289961000.0,295718000.0,305764000.0,259244000.0,240743000.0,303330000.0,313195000.0,360572000.0,347275000.0
Consolidated Income,282425000.0,107223000.0,166626000.0,241686000.0,200261000.0,177015000.0,222398000.0,221474000.0,248126000.0,230213000.0
Earnings Before Tax Margin,0.172948933539,0.154998739193,0.166022427349,0.19616753807,0.163021166116,0.0790371645553,0.207713621725,0.201467946235,0.26199288097,0.2967
Net Profit Margin,0.159051206125,0.0595539742084,0.100246244812,0.155218754235,0.130833617526,0.11829611888,0.158250068666,0.143435950111,0.179113420116,0.2007
