Date,2018-12-31,2017-12-31,2016-12-31,2015-12-31,2014-12-31,2013-12-31,2012-12-31,2011-12-31,2010-12-31,2009-12-31
Revenue,2433492000.0,2249538000.0,1831546000.0,1702865000.0,1199390000.0,895171000.0,707534000.0,519591000.0,433841000.0,354073000.0
Revenue Growth,0.0817741242868536,0.228218128291618,0.0755673526674164,0.419775886075422,0.339844566010293,0.265198562895917,0.361713347613796,0.197653057226034,0.22528687587023,0.0382
Cost of Revenue,83900000.0,96800000.0,91600000.0,84100000.0,15100000.0,9300000.0,4700000.0,0.0,118737000.0,97706000.0
Gross Profit,2349592000.0,2152738000.0,1739946000.0,1618765000.0,1184290000.0,885871000.0,702834000.0,0.0,315104000.0,256367000.0
R&D Expenses,0.0,0.0,0.0,0.0,0.0,0.0,0.0,0.0,0.0,0.0
SG&A Expense,389172000.0,387694000.0,283625000.0,297715000.0,205963000.0,142283000.0,110122000.0,84765000.0,110866000.0,81954000.0
Operating Expenses,389172000.0,387694000.0,283625000.0,297715000.0,205963000.0,142283000.0,110122000.0,84765000.0,143292000.0,109389000.0
Operating Income,1090698000.0,883760000.0,754153000.0,667534000.0,565449000.0,420632000.0,324928000.0,226334000.0,171812000.0,146978000.0
Interest Expense,0.0,0.0,0.0,0.0,0.0,0.0,13017000.0,0.0,20532000.0,17363000.0
Earnings before Tax,1095125000.0,893590000.0,642919000.0,536004000.0,512943000.0,403569000.0,310790000.0,210877000.0,151280000.0,129615000.0
Income Tax Expense,283642000.0,153390000.0,190534000.0,173573000.0,144236000.0,119068000.0,94591000.0,63542000.0,43384000.0,40563000.0
Net Income - Non-Controlling int,0.0,0.0,0.0,0.0,0.0,0.0,0.0,0.0,0.0,0.0
Net Income - Discontinued ops,0.0,0.0,0.0,0.0,0.0,0.0,0.0,0.0,0.0,0.0
Net Income,811483000.0,740200000.0,452385000.0,362431000.0,368707000.0,284501000.0,216199000.0,147335000.0,107896000.0,89052000.0
Preferred Dividends,0.0,0.0,0.0,0.0,0.0,0.0,0.0,0.0,1488000.0,15789000.0
Net Income Com,811483000.0,740200000.0,452385000.0,362431000.0,368707000.0,284501000.0,216199000.0,147335000.0,106408000.0,73263000.0
EPS,9.14,8.12,4.89,3.94,4.37,3.48,2.59,1.83,3.0,2.17
EPS Diluted,8.81,7.91,4.75,3.85,4.24,3.36,2.52,1.76,1.34,1.13
Weighted Average Shs Out,88750000.0,91129000.0,92597000.0,92023000.0,84317000.0,81793000.0,83328.0,80610.0,78719146.0,
Weighted Average Shs Out (Dil),92151000.0,93594000.0,95213000.0,94139000.0,86982000.0,84655000.0,85736.0,83654.0,35434000.0,33802000.0
Dividend per Share,0.0,0.0,0.0,0.0,0.0,0.0,0.0,0.0,0.0,0.0
Gross Margin,0.965522796048,0.956968942067,0.949987606099,0.950612643985,0.987410266886,0.9896109235,0.993357209689,0.0,0.7263,0.7241
EBITDA Margin,0.563216562865,0.513537890891,0.526896403366,0.509749745282,0.565912672275,0.55114497677,0.532785703585,0.505214678468,0.462,0.482
EBIT Margin,0.448202829514,0.392862890069,0.411757608054,0.392006412722,0.471447152302,0.469890110381,0.459240121323,0.435600308704,0.396,0.4151
Profit Margin,0.333464420676,0.329045341755,0.246996253438,0.212836014599,0.307412101151,0.317817489619,0.305566940953,0.283559568969,0.245,0.207
Free Cash Flow margin,0.337784139007,0.269224169585,0.353199428243,0.418535233269,0.484633021786,0.396460564518,0.164442980832,0.512270227929,0.2963,0.4776
EBITDA,1370583000.0,1155223000.0,965035000.0,868035000.0,678750000.0,493369000.0,376964000.0,262505000.0,200278000.0,170526000.0
EBIT,1090698000.0,883760000.0,754153000.0,667534000.0,565449000.0,420632000.0,324928000.0,226334000.0,171812000.0,146978000.0
Consolidated Income,811483000.0,740200000.0,452385000.0,362431000.0,368707000.0,284501000.0,216199000.0,147335000.0,107896000.0,89052000.0
Earnings Before Tax Margin,0.450022025961,0.397232676221,0.351025308674,0.314765997305,0.427669898865,0.450828947765,0.439258042723,0.405851910445,0.3487,0.3661
Net Profit Margin,0.333464420676,0.329045341755,0.246996253438,0.212836014599,0.307412101151,0.317817489619,0.305566940953,0.283559568969,0.2487,0.2515
