Date,2018-12-31,2017-12-31,2016-12-31,2015-12-31,2014-12-31,2013-12-31,2012-12-31,2011-12-31,2010-12-31,2009-12-31
Revenue,21865000.0,20152000.0,19541000.0,6160000.0,7965000.0,1502000.0,1502000.0,0.0,50210000.0,45433000.0
Revenue Growth,0.0850039698292973,0.0312675912184637,2.17224025974026,-0.22661644695543,4.30292942743009,0,0.0,-1,0.105143838179297,-0.042
Cost of Revenue,0.0,0.0,0.0,0.0,0.0,0.0,0.0,0.0,0.0,0.0
Gross Profit,0.0,0.0,0.0,0.0,0.0,0.0,0.0,0.0,50210000.0,45433000.0
R&D Expenses,0.0,0.0,0.0,0.0,0.0,0.0,0.0,0.0,0.0,0.0
SG&A Expense,46803000.0,39756000.0,32354000.0,26337000.0,24771000.0,24128000.0,23433000.0,22247000.0,28411000.0,25366000.0
Operating Expenses,46803000.0,39756000.0,32354000.0,26337000.0,24771000.0,24128000.0,23433000.0,23381000.0,36927000.0,33212000.0
Operating Income,48505000.0,41726000.0,33780000.0,25730000.0,24715000.0,23568000.0,22435000.0,17901000.0,13283000.0,12221000.0
Interest Expense,12827000.0,6482000.0,4292000.0,3499000.0,3252000.0,3535000.0,6157000.0,8504000.0,0.0,0.0
Earnings before Tax,48505000.0,41726000.0,33780000.0,25730000.0,24715000.0,23568000.0,22435000.0,17901000.0,13283000.0,12221000.0
Income Tax Expense,11905000.0,15042000.0,11940000.0,9218000.0,9254000.0,8846000.0,8410000.0,6529000.0,4522000.0,4007000.0
Net Income - Non-Controlling int,0.0,0.0,0.0,0.0,0.0,0.0,0.0,0.0,0.0,0.0
Net Income - Discontinued ops,0.0,0.0,0.0,0.0,0.0,0.0,0.0,0.0,0.0,0.0
Net Income,36600000.0,26684000.0,21840000.0,16512000.0,15461000.0,14722000.0,14025000.0,11372000.0,8761000.0,8214000.0
Preferred Dividends,0.0,0.0,825000.0,2200000.0,4152000.0,4417000.0,4252000.0,3576000.0,2240000.0,1821000.0
Net Income Com,36600000.0,26684000.0,21840000.0,16512000.0,15461000.0,14722000.0,14025000.0,11372000.0,6521000.0,6393000.0
EPS,2.53,2.13,2.07,1.84,1.88,1.74,1.62,1.29,1.07,1.04
EPS Diluted,2.52,2.13,2.05,1.81,1.85,1.73,1.62,1.29,1.07,1.04
Weighted Average Shs Out,14487126.0,12531659.0,10149099.0,7775490.0,6002766.0,5934628.0,6023289.0,0.0,6063207.0,6134982.0
Weighted Average Shs Out (Dil),14500585.0,12536534.0,10663710.0,9137689.0,8371687.0,5944902.0,6027878.0,0.0,6063207.0,6134982.0
Dividend per Share,0.606320365696,0.576554891488,0.494855917875,0.381606333943,0.316304228765,0.338777661936,0.471641927723,0.0,0.38,0.38
Gross Margin,0.0,0.0,0.0,0.0,0.0,0.0,0.0,0.0,1.0,1.0
EBITDA Margin,2.57882460553,2.47419610957,2.13479351108,4.89805194805,3.60012554928,18.7942743009,18.533954727,0.0,0.343,0.337
EBIT Margin,2.21838554768,2.07056371576,1.72867304642,4.17694805195,3.10295040804,15.6910785619,14.9367509987,0.0,0.2645,0.269
Profit Margin,1.67390807226,1.32413656213,1.11765006909,2.68051948052,1.94111738858,9.80159786951,9.33754993342,0.0,0.13,0.141
Free Cash Flow margin,1.78655385319,2.22707423581,1.36773962438,3.28506493506,2.08399246704,15.4893475366,14.2496671105,0.0,0.111,0.1402
EBITDA,56386000.0,49860000.0,41716000.0,30172000.0,28675000.0,28229000.0,27838000.0,23299000.0,17221000.0,15291000.0
EBIT,48505000.0,41726000.0,33780000.0,25730000.0,24715000.0,23568000.0,22435000.0,17901000.0,13283000.0,12221000.0
Consolidated Income,36600000.0,26684000.0,21840000.0,16512000.0,15461000.0,14722000.0,14025000.0,11372000.0,8761000.0,8214000.0
Earnings Before Tax Margin,2.21838554768,2.07056371576,1.72867304642,4.17694805195,3.10295040804,15.6910785619,14.9367509987,0.0,0.2645,0.269
Net Profit Margin,1.67390807226,1.32413656213,1.11765006909,2.68051948052,1.94111738858,9.80159786951,9.33754993342,0.0,0.1745,0.1808
