Date,2018-12-31,2017-12-31,2016-12-31,2015-12-31,2014-12-31,2013-12-31,2012-12-31,2011-12-31,2010-12-31,2009-12-31
Revenue,357575000.0,337673000.0,326095000.0,313726000.0,312062000.0,297650000.0,292930000.0,0.0,250726000.0,233352000.0
Revenue Growth,0.0589386773594572,0.0355049908768917,0.0394261234325494,0.00533227371483872,0.048419284394423,0.0161130645546718,0.0,-1,0.0744540436765059,-0.0312
Cost of Revenue,159406000.0,144301000.0,137844000.0,139777000.0,139512000.0,130464000.0,0.0,0.0,94105000.0,87873000.0
Gross Profit,198169000.0,193372000.0,188251000.0,173949000.0,172550000.0,167186000.0,0.0,0.0,156621000.0,145479000.0
R&D Expenses,0.0,0.0,0.0,0.0,0.0,0.0,0.0,0.0,0.0,0.0
SG&A Expense,175744000.0,165823000.0,157477000.0,155122000.0,154337000.0,145353000.0,0.0,0.0,118623000.0,100948000.0
Operating Expenses,175744000.0,165823000.0,157477000.0,155122000.0,154337000.0,145353000.0,0.0,0.0,125871000.0,113059000.0
Operating Income,22425000.0,27549000.0,30774000.0,18827000.0,18213000.0,21833000.0,25574000.0,0.0,30750000.0,32420000.0
Interest Expense,0.0,0.0,0.0,0.0,0.0,0.0,0.0,0.0,0.0,0.0
Earnings before Tax,23525000.0,27371000.0,30709000.0,19320000.0,18389000.0,19992000.0,23480000.0,0.0,34300000.0,33735000.0
Income Tax Expense,8145000.0,12231000.0,13058000.0,7324000.0,7524000.0,6968000.0,5936000.0,0.0,13793000.0,14869000.0
Net Income - Non-Controlling int,0.0,0.0,0.0,0.0,0.0,0.0,0.0,0.0,0.0,0.0
Net Income - Discontinued ops,0.0,0.0,0.0,0.0,0.0,0.0,0.0,0.0,0.0,0.0
Net Income,15380000.0,15140000.0,17651000.0,11996000.0,10865000.0,13024000.0,25574000.0,0.0,20507000.0,18866000.0
Preferred Dividends,0.0,0.0,0.0,0.0,0.0,0.0,0.0,0.0,0.0,0.0
Net Income Com,15380000.0,15140000.0,17651000.0,11996000.0,10865000.0,13024000.0,25574000.0,0.0,20507000.0,18866000.0
EPS,0.85,0.84,0.98,0.67,0.58,0.62,1.14,0.0,0.91,0.83
EPS Diluted,0.84,0.83,0.97,0.66,0.57,0.61,1.12,0.0,0.89,0.82
Weighted Average Shs Out,18091000.0,17919000.0,17984000.0,17927000.0,18713000.0,20861000.0,0.0,0.0,22425561.0,22461558.0
Weighted Average Shs Out (Dil),18380000.0,18240000.0,18269000.0,18143000.0,19007000.0,21353000.0,0.0,0.0,22478000.0,22645000.0
Dividend per Share,0.789009793254,0.747313596491,0.710876347912,0.671278178912,0.629347082654,0.580433662717,0.0,0.0,3.0,0.0
Gross Margin,0.554202614836,0.572660532527,0.577288826876,0.5544615365,0.552934993687,0.561686544599,0.0,0.0,0.6247,0.6234
EBITDA Margin,0.088401034748,0.102972402295,0.1219337923,0.0916755385272,0.0952022354532,0.111980514027,0.0873041340935,0.0,0.166,0.177
EBIT Margin,0.0627141159197,0.0815848468785,0.0943712721753,0.0600109649822,0.0583634021444,0.0733512514698,0.0873041340935,0.0,0.1368,0.1446
Profit Margin,0.0430119555338,0.044836276516,0.0541283981662,0.0382371878646,0.0348167992258,0.0437560893667,0.0873041340935,0.0,0.082,0.081
Free Cash Flow margin,0.0933202824582,0.0877535367056,0.115665680247,0.0909551646979,0.0874569797028,0.0926793213506,0.0,0.0,0.1006,0.1663
EBITDA,31610000.0,34771000.0,39762000.0,28761000.0,29709000.0,33331000.0,25574000.0,0.0,41591000.0,41303000.0
EBIT,22425000.0,27549000.0,30774000.0,18827000.0,18213000.0,21833000.0,25574000.0,0.0,34300000.0,33735000.0
Consolidated Income,15380000.0,15140000.0,17651000.0,11996000.0,10865000.0,13024000.0,25574000.0,0.0,20507000.0,18866000.0
Earnings Before Tax Margin,0.0657903936237,0.0810577096777,0.0941719437587,0.0615823999286,0.0589273926335,0.067166134722,0.0801556685898,0.0,0.1368,0.1446
Net Profit Margin,0.0430119555338,0.044836276516,0.0541283981662,0.0382371878646,0.0348167992258,0.0437560893667,0.0873041340935,0.0,0.0818,0.0808
