Date,2019-03-31,2018-03-31,2017-03-31,2016-03-31,2015-03-31,2014-03-31,2013-03-31,2012-03-31,2011-03-31,2010-03-31
Revenue,187154493.0,121157278.0,77756055.0,81631382.0,108322780.0,116149022.0,136448786.0,0.0,131709492.0,65132170.0
Revenue Growth,0.544723487432592,0.558171617631579,-0.0474734949360529,-0.246406139133431,-0.0673810408838397,-0.14877203817702,0.0,-1,1.02218799097282,-0.688
Cost of Revenue,175988541.0,112933227.0,77947677.0,76937738.0,103244712.0,109086539.0,122047302.0,0.0,114401307.0,60206969.0
Gross Profit,11165952.0,8224051.0,-191622.0,4693644.0,5078068.0,7062483.0,14401484.0,0.0,17308185.0,4925201.0
R&D Expenses,0.0,0.0,0.0,0.0,0.0,0.0,0.0,0.0,0.0,0.0
SG&A Expense,4782510.0,4181657.0,4018199.0,4670273.0,4453292.0,4587787.0,5314971.0,0.0,5251610.0,3840619.0
Operating Expenses,4782510.0,4181657.0,4018199.0,4670273.0,4453292.0,4587787.0,5314971.0,0.0,5251610.0,3840619.0
Operating Income,6383442.0,4042394.0,-4209821.0,23371.0,624776.0,2474696.0,9086513.0,0.0,12056575.0,1084582.0
Interest Expense,17546.0,27846.0,0.0,0.0,0.0,0.0,0.0,0.0,0.0,0.0
Earnings before Tax,6823945.0,4067294.0,-4150816.0,398681.0,685816.0,2536708.0,9145277.0,0.0,12113713.0,1171072.0
Income Tax Expense,1724021.0,1307890.0,-1472132.0,104681.0,303486.0,823782.0,3009465.0,0.0,3958076.0,519048.0
Net Income - Non-Controlling int,0.0,0.0,0.0,0.0,0.0,0.0,0.0,0.0,0.0,0.0
Net Income - Discontinued ops,0.0,0.0,0.0,0.0,0.0,0.0,0.0,0.0,0.0,0.0
Net Income,5099924.0,2759404.0,-2678684.0,294000.0,382330.0,1712926.0,6135812.0,0.0,8155637.0,652024.0
Preferred Dividends,0.0,0.0,0.0,0.0,0.0,0.0,0.0,0.0,0.0,0.0
Net Income Com,5099924.0,2759404.0,-2678684.0,294000.0,382330.0,1712926.0,6135812.0,0.0,8155637.0,652024.0
EPS,0.73,0.39,-0.39,0.04,0.06,0.25,0.9,0.0,1.2,0.1
EPS Diluted,0.73,0.39,-0.39,0.04,0.06,0.25,0.9,0.0,1.2,0.1
Weighted Average Shs Out,7010266.0,7009444.0,6851944.0,6799444.0,6799444.0,6799444.0,6799444.0,0.0,6799444.0,6799444.0
Weighted Average Shs Out (Dil),7010266.0,7009444.0,6851944.0,6799444.0,6799444.0,6799444.0,6799444.0,0.0,6799444.0,6799444.0
Dividend per Share,0.169979997906,0.0400000342395,0.0400000350266,0.040000035297,0.080000070594,0.26000008236,1.02000001765,0.0,0.74,0.1
Gross Margin,0.0596616828216,0.067879133105,-0.00246439971781,0.0574980342731,0.0468790405859,0.0608053591704,0.105544977146,0.0,0.1314,0.0756
EBITDA Margin,0.041270363731,0.0445597746097,-0.0336361586246,0.020789700706,0.0216611962876,0.0370021884472,0.079711621619,0.0,0.106,0.047
EBIT Margin,0.0341078747172,0.0333648466417,-0.0541413913039,0.000286299207822,0.00576772494207,0.0213062147006,0.0665928460514,0.0,0.092,0.018
Profit Margin,0.0272498079969,0.0227753878723,-0.0344498444526,0.00360155607803,0.00352954383187,0.0147476575395,0.0449678753463,0.0,0.062,0.01
Free Cash Flow margin,0.0471487531961,0.0239041768502,-0.01288631477,0.0110474180138,-0.113089268942,0.0085027491665,0.0805929046522,0.0,-0.057,0.0572
EBITDA,7723934.0,5398741.0,-2615415.0,1697092.0,2346401.0,4297768.0,10876554.0,0.0,13991871.0,3061447.0
EBIT,6383442.0,4042394.0,-4209821.0,23371.0,624776.0,2474696.0,9086513.0,0.0,12113713.0,1171072.0
Consolidated Income,5099924.0,2759404.0,-2678684.0,294000.0,382330.0,1712926.0,6135812.0,0.0,8155637.0,652024.0
Earnings Before Tax Margin,0.036461561198,0.0335703646297,-0.0533825436489,0.00488391829505,0.00633122598958,0.0218401150205,0.0670235131297,0.0,0.092,0.018
Net Profit Margin,0.0272498079969,0.0227753878723,-0.0344498444526,0.00360155607803,0.00352954383187,0.0147476575395,0.0449678753463,0.0,0.0619,0.01
