Date,2018-12-31,2017-12-31,2016-12-31,2015-12-31,2014-12-31,2013-12-31,2012-12-31,2011-12-31,2010-12-31,2009-12-31
Revenue,1089500000.0,898500000.0,707900000.0,768000000.0,918500000.0,851300000.0,803200000.0,0.0,633100000.0,750400000.0
Revenue Growth,0.212576516416249,0.269247068795028,-0.0782552083333333,-0.163854109961894,0.0789380946787267,0.0598854581673307,0.0,-1,-0.156316631130064,-0.1453
Cost of Revenue,807400000.0,677300000.0,524800000.0,542400000.0,685200000.0,646200000.0,613400000.0,0.0,482200000.0,557300000.0
Gross Profit,282100000.0,221200000.0,183100000.0,225600000.0,233300000.0,205100000.0,189800000.0,0.0,150900000.0,193100000.0
R&D Expenses,13000000.0,13000000.0,13400000.0,14000000.0,16600000.0,11000000.0,10000000.0,0.0,0.0,0.0
SG&A Expense,159100000.0,144700000.0,122300000.0,122000000.0,140700000.0,133800000.0,136900000.0,0.0,130200000.0,155800000.0
Operating Expenses,172100000.0,157700000.0,135700000.0,136000000.0,157300000.0,144800000.0,146900000.0,0.0,139700000.0,156600000.0
Operating Income,121500000.0,67100000.0,57700000.0,103200000.0,92600000.0,70600000.0,51500000.0,0.0,11200000.0,36500000.0
Interest Expense,9300000.0,7300000.0,1900000.0,2300000.0,3800000.0,8800000.0,21400000.0,0.0,10200000.0,11400000.0
Earnings before Tax,111600000.0,61000000.0,56800000.0,99900000.0,87300000.0,38900000.0,10000000.0,0.0,-100600000.0,28400000.0
Income Tax Expense,17900000.0,500000.0,17400000.0,34100000.0,24300000.0,-107200000.0,3900000.0,0.0,75100000.0,5300000.0
Net Income - Non-Controlling int,0.0,0.0,0.0,0.0,0.0,0.0,0.0,0.0,0.0,0.0
Net Income - Discontinued ops,0.0,0.0,0.0,0.0,0.0,0.0,0.0,0.0,101600000.0,-3300000.0
Net Income,94000000.0,61600000.0,43800000.0,63500000.0,63700000.0,160000000.0,-27500000.0,0.0,-175700000.0,23100000.0
Preferred Dividends,0.0,0.0,0.0,0.0,0.0,0.0,0.0,0.0,0.0,0.0
Net Income Com,94000000.0,61600000.0,43800000.0,63500000.0,63700000.0,160000000.0,-27500000.0,0.0,-175700000.0,23100000.0
EPS,1.57,1.03,0.72,1.02,1.01,2.56,-0.44,0.0,-3.05,0.47
EPS Diluted,1.54,1.02,0.71,1.0,1.0,2.53,-0.44,0.0,-3.05,0.47
Weighted Average Shs Out,59900000.0,59700000.0,60400000.0,62200000.0,62700000.0,62600000.0,62300000.0,0.0,62215297.0,48752351.0
Weighted Average Shs Out (Dil),61200000.0,60400000.0,61200000.0,63400000.0,63600000.0,63200000.0,62700000.0,0.0,57600000.0,48752351.0
Dividend per Share,0.305555555556,0.278145695364,0.27614379085,0.246056782334,0.0880503144654,0.0,0.00159489633174,0.0,0.24,0.24
Gross Margin,0.258926112896,0.246188091263,0.258652352027,0.29375,0.254001088732,0.240925643134,0.236304780876,0.0,0.2384,0.2573
EBITDA Margin,0.145296007343,0.108402893712,0.109337477045,0.150390625,0.117147523136,0.105485727711,0.0805527888446,0.0,-0.125,0.073
EBIT Margin,0.111519045434,0.0746800222593,0.0815086876677,0.134375,0.100816548721,0.0829319863738,0.0641185258964,0.0,-0.1428,0.053
Profit Margin,0.0862781092244,0.0685587089594,0.0618731459246,0.0826822916667,0.0693522046815,0.187947844473,-0.0342380478088,0.0,-0.278,0.031
Free Cash Flow margin,0.0722349701698,0.0721202003339,0.0262748975844,0.1140625,0.0574850299401,0.0678961588159,0.0126992031873,0.0,0.0329,0.0693
EBITDA,158300000.0,97400000.0,77400000.0,115500000.0,107600000.0,89800000.0,64700000.0,0.0,-79000000.0,54500000.0
EBIT,121500000.0,67100000.0,57700000.0,103200000.0,92600000.0,70600000.0,51500000.0,0.0,-90400000.0,39800000.0
Consolidated Income,94000000.0,61600000.0,43800000.0,63500000.0,63700000.0,160000000.0,-27500000.0,0.0,-175700000.0,23100000.0
Earnings Before Tax Margin,0.102432308398,0.0678909293267,0.0802373216556,0.130078125,0.0950462710942,0.0456948196875,0.0124501992032,0.0,-0.1589,0.0378
Net Profit Margin,0.0862781092244,0.0685587089594,0.0618731459246,0.0826822916667,0.0693522046815,0.187947844473,-0.0342380478088,0.0,-0.2775,0.0308
