Date,2018-12-31,2017-12-31,2016-12-31,2015-12-31,2014-12-31,2013-12-31,2012-12-31,2011-12-31,2010-12-31,2009-12-31
Revenue,1895000.0,1206000.0,1204000.0,1453000.0,381000.0,206000.0,0.0,0.0,25790588.0,33602797.0
Revenue Growth,0.571310116086235,0.00166112956810631,-0.17136958017894,2.81364829396325,0.849514563106796,0.0,0.0,-1,-0.23248686709026,0.032
Cost of Revenue,492000.0,0.0,0.0,0.0,0.0,0.0,0.0,0.0,0.0,0.0
Gross Profit,1403000.0,0.0,0.0,0.0,0.0,0.0,0.0,0.0,25790588.0,33602797.0
R&D Expenses,811000.0,830000.0,691000.0,671000.0,0.0,0.0,0.0,0.0,0.0,0.0
SG&A Expense,18771000.0,17374000.0,16663000.0,16664000.0,16690000.0,16261000.0,14590098.0,14491123.0,16885111.0,16769217.0
Operating Expenses,19582000.0,18204000.0,17354000.0,17335000.0,16690000.0,16261000.0,14590098.0,14491123.0,32122416.0,27450514.0
Operating Income,3391000.0,2624000.0,1393000.0,3546000.0,5378000.0,5436000.0,2940184.0,-15034018.0,-6331828.0,6152283.0
Interest Expense,4350000.0,2706000.0,2271000.0,2289000.0,2553000.0,2905000.0,4555962.0,7018459.0,0.0,0.0
Earnings before Tax,3391000.0,2624000.0,1393000.0,3546000.0,5378000.0,5436000.0,2940184.0,-15034018.0,-6206534.0,6316141.0
Income Tax Expense,901000.0,3035000.0,169000.0,951000.0,1829000.0,1509000.0,744995.0,-5958308.0,-3025753.0,1561911.0
Net Income - Non-Controlling int,0.0,0.0,0.0,0.0,0.0,0.0,0.0,0.0,-125294.0,-163858.0
Net Income - Discontinued ops,0.0,0.0,0.0,0.0,0.0,0.0,0.0,0.0,0.0,0.0
Net Income,2490000.0,-411000.0,1224000.0,2595000.0,3549000.0,3927000.0,2195354.0,-9074947.0,-3180781.0,4754230.0
Preferred Dividends,0.0,0.0,0.0,0.0,0.0,0.0,0.0,0.0,0.0,0.0
Net Income Com,2490000.0,-411000.0,1224000.0,2595000.0,3549000.0,3927000.0,2195354.0,-9074947.0,-3180781.0,4754230.0
EPS,0.4,-0.07,0.2,0.42,0.58,0.65,0.36,-1.51,-0.53,0.79
EPS Diluted,0.37,-0.06,0.19,0.41,0.57,0.65,0.36,-1.51,-0.53,0.79
Weighted Average Shs Out,6276670.0,6173450.0,6149192.0,6137704.0,6127232.0,6025724.0,6022892.0,6011520.0,6011012.0,6017582.0
Weighted Average Shs Out (Dil),6654621.0,6491451.0,6421742.0,6313254.0,6210632.0,6025724.0,6022892.0,6011520.0,6013944.0,6017740.0
Dividend per Share,0.0743844014558,0.0748676990707,0.075213236533,0.0766641101403,0.0291435718619,0.0,0.0,0.0401349409134,0.44,0.6
Gross Margin,0.74036939314,0.0,0.0,0.0,0.0,0.0,0.0,0.0,1.0,1.0
EBITDA Margin,3.07176781003,4.02653399668,3.22009966777,4.19683413627,19.3018372703,33.8009708738,0.0,0.0,-0.211,0.214
EBIT Margin,1.78944591029,2.17578772803,1.15697674419,2.44046799725,14.1154855643,26.3883495146,0.0,0.0,-0.2407,0.188
Profit Margin,1.31398416887,-0.3407960199,1.01661129568,1.78596008259,9.31496062992,19.0631067961,0.0,0.0,-0.123,0.141
Free Cash Flow margin,3.43799472296,-3.01907131012,0.240863787375,2.57123193393,17.9921259843,51.1747572816,0.0,0.0,0.6232,0.0708
EBITDA,5821000.0,4856000.0,3877000.0,6098000.0,7354000.0,6963000.0,4837506.0,-9525117.0,-5450392.0,7190382.0
EBIT,3391000.0,2624000.0,1393000.0,3546000.0,5378000.0,5436000.0,2940184.0,-15034018.0,-6206534.0,6316141.0
Consolidated Income,2490000.0,-411000.0,1224000.0,2595000.0,3549000.0,3927000.0,2195354.0,-9074947.0,-3306075.0,4590372.0
Earnings Before Tax Margin,1.78944591029,2.17578772803,1.15697674419,2.44046799725,14.1154855643,26.3883495146,0.0,0.0,-0.2407,0.188
Net Profit Margin,1.31398416887,-0.3407960199,1.01661129568,1.78596008259,9.31496062992,19.0631067961,0.0,0.0,-0.1233,0.1415
