Date,2018-12-31,2017-12-31,2016-12-31,2015-12-31,2014-12-31,2013-12-31,2012-12-31,2011-12-31,2010-12-31,2009-12-31
Revenue,8330000.0,0.0,0.0,17455000.0,20052000.0,0.0,80161000.0,0.0,60389000.0,56622000.0
Revenue Growth,0.0,0.0,-1,-0.129513265509675,0.0,-1,0.0,-1,0.0665289110239836,0.0266
Cost of Revenue,0.0,0.0,0.0,0.0,0.0,0.0,0.0,0.0,0.0,0.0
Gross Profit,0.0,0.0,0.0,0.0,0.0,0.0,0.0,0.0,60389000.0,56622000.0
R&D Expenses,0.0,0.0,0.0,0.0,0.0,0.0,0.0,0.0,0.0,0.0
SG&A Expense,51306000.0,46642000.0,43961000.0,35042000.0,32710000.0,0.0,27992000.0,27992000.0,31693000.0,31257000.0
Operating Expenses,51306000.0,46642000.0,43961000.0,35042000.0,32710000.0,0.0,27992000.0,27992000.0,41361000.0,40391000.0
Operating Income,56057000.0,40676000.0,49130000.0,41670000.0,40413000.0,0.0,20249000.0,20249000.0,19028000.0,16231000.0
Interest Expense,19139000.0,11121000.0,8461000.0,6068000.0,6047000.0,0.0,16180000.0,16180000.0,0.0,0.0
Earnings before Tax,56057000.0,44929000.0,49130000.0,41670000.0,40413000.0,0.0,0.0,0.0,19028000.0,16231000.0
Income Tax Expense,9528000.0,11534000.0,13946000.0,11606000.0,12069000.0,0.0,7726000.0,7726000.0,5623000.0,4013000.0
Net Income - Non-Controlling int,0.0,0.0,0.0,0.0,0.0,0.0,0.0,0.0,0.0,0.0
Net Income - Discontinued ops,0.0,0.0,0.0,0.0,0.0,0.0,0.0,0.0,0.0,0.0
Net Income,46529000.0,40676000.0,35184000.0,30064000.0,28344000.0,0.0,20249000.0,20249000.0,13405000.0,12218000.0
Preferred Dividends,0.0,0.0,0.0,0.0,0.0,0.0,0.0,0.0,0.0,0.0
Net Income Com,46529000.0,40676000.0,35184000.0,30064000.0,28344000.0,0.0,20249000.0,20249000.0,13405000.0,12218000.0
EPS,1.99,1.77,2.36,2.27,2.15,0.0,1.61,1.61,0.807,0.733
EPS Diluted,1.99,1.77,2.36,2.27,2.14,0.0,1.61,1.61,0.807,0.733
Weighted Average Shs Out,23381616.0,22924726.0,14926091.0,13255002.0,13202822.0,0.0,12581646.0,0.0,16657377.0,16616073.0
Weighted Average Shs Out (Dil),23381616.0,22924726.0,14927410.0,13258916.0,13223178.0,0.0,12587748.0,0.0,16657377.0,16616073.0
Dividend per Share,0.601925889126,0.516560154307,0.712112817964,0.679542731849,0.639029437553,0.0,0.559830082394,0.0,0.373,0.373
Gross Margin,0.0,0.0,0.0,0.0,0.0,0.0,0.0,0.0,1.0,1.0
EBITDA Margin,7.04573829532,0.0,0.0,2.48559152105,2.15429882306,0.0,0.316712615861,0.0,0.377,0.352
EBIT Margin,6.72953181273,0.0,0.0,2.38728158121,2.01540993417,0.0,0.25260413418,0.0,0.3151,0.2867
Profit Margin,5.58571428571,0.0,0.0,1.72237181323,1.41352483543,0.0,0.25260413418,0.0,0.222,0.216
Free Cash Flow margin,5.65966386555,0.0,0.0,1.69882555142,1.6644225015,0.0,0.282568830229,0.0,0.261,0.1376
EBITDA,58691000.0,45363000.0,49770000.0,43386000.0,43198000.0,0.0,25388000.0,25388000.0,22748000.0,19919000.0
EBIT,56057000.0,40676000.0,49130000.0,41670000.0,40413000.0,0.0,20249000.0,20249000.0,19028000.0,16231000.0
Consolidated Income,46529000.0,40676000.0,35184000.0,30064000.0,28344000.0,0.0,20249000.0,20249000.0,13405000.0,12218000.0
Earnings Before Tax Margin,6.72953181273,0.0,0.0,2.38728158121,2.01540993417,0.0,0.0,0.0,0.3151,0.2867
Net Profit Margin,5.58571428571,0.0,0.0,1.72237181323,1.41352483543,0.0,0.25260413418,0.0,0.222,0.2158
