Date,2018-12-31,2017-12-31,2016-12-31,2015-12-31,2014-12-31,2013-12-31,2012-12-31,2011-12-31,2010-12-31,2009-12-31
Revenue,341455000.0,360524000.0,353000000.0,380976000.0,440382000.0,397562000.0,346195000.0,0.0,280380000.0,218114000.0
Revenue Growth,-0.0528924565354872,0.021314447592068,-0.0734324471882743,-0.134896521656198,0.107706470940382,0.148375915307847,0.0,-1,0.285474568344994,-0.1098
Cost of Revenue,0.0,0.0,0.0,0.0,0.0,0.0,0.0,0.0,0.0,0.0
Gross Profit,0.0,0.0,0.0,0.0,0.0,0.0,0.0,0.0,280380000.0,218114000.0
R&D Expenses,0.0,0.0,0.0,0.0,0.0,0.0,0.0,0.0,0.0,0.0
SG&A Expense,83768000.0,125501000.0,82613000.0,136503000.0,173553000.0,161798000.0,137223000.0,132970000.0,166901000.0,126956000.0
Operating Expenses,154668000.0,215504000.0,161204000.0,233027000.0,280856000.0,255150000.0,233151000.0,213834000.0,189351000.0,145904000.0
Operating Income,186787000.0,145020000.0,191796000.0,147949000.0,159526000.0,142412000.0,111130000.0,113294000.0,91029000.0,72210000.0
Interest Expense,3525000.0,10160000.0,12674000.0,8636000.0,8049000.0,10511000.0,15899000.0,14997000.0,11984000.0,13290000.0
Earnings before Tax,154659000.0,132888000.0,182227000.0,139025000.0,167621000.0,183551000.0,117316000.0,110442000.0,108118000.0,87294000.0
Income Tax Expense,37463000.0,55079000.0,65106000.0,51726000.0,62505000.0,66186000.0,41721000.0,40767000.0,39326000.0,31761000.0
Net Income - Non-Controlling int,0.0,0.0,0.0,0.0,0.0,0.0,0.0,0.0,1223000.0,609000.0
Net Income - Discontinued ops,0.0,0.0,0.0,0.0,0.0,0.0,0.0,0.0,0.0,0.0
Net Income,117196000.0,77809000.0,117121000.0,83412000.0,109390000.0,116853000.0,75539000.0,69682000.0,68792000.0,55533000.0
Preferred Dividends,0.0,0.0,0.0,0.0,0.0,0.0,0.0,0.0,0.0,0.0
Net Income Com,117196000.0,77809000.0,117121000.0,83412000.0,109390000.0,116853000.0,75539000.0,69682000.0,68792000.0,55533000.0
EPS,4.08,2.68,4.01,3.28,4.32,4.56,2.87,2.62,2.55,2.03
EPS Diluted,4.07,2.6,3.92,3.24,4.28,4.54,2.86,2.61,2.52,2.02
Weighted Average Shs Out,28744000.0,28980000.0,29182000.0,25425000.0,25335000.0,25653000.0,26283000.0,26636000.0,27262114.0,27620764.0
Weighted Average Shs Out (Dil),28982000.0,28974000.0,29463000.0,29821000.0,25558000.0,25712000.0,26436000.0,26724000.0,26959000.0,27345000.0
Dividend per Share,0.080325719412,0.0798992199903,0.0791840613651,0.250427551055,0.493700602551,0.716358120722,2.90546981389,1.14043556354,5.02,2.12
Gross Margin,0.0,0.0,0.0,0.0,0.0,0.0,0.0,0.0,1.0,1.0
EBITDA Margin,0.548678449576,0.403898214821,0.545195467422,0.38996419722,0.363795522978,0.360140053627,0.323248458239,0.0,0.431,0.464
EBIT Margin,0.547032551874,0.402247839256,0.543331444759,0.388342047793,0.362244596736,0.358213310125,0.321004058406,0.0,0.4284,0.4612
Profit Margin,0.343225315195,0.215821970243,0.331787535411,0.218942925539,0.248397981752,0.293923966576,0.218197836479,0.0,0.245,0.255
Free Cash Flow margin,0.345234364704,0.35140795065,0.327866855524,0.307447188274,0.144778851088,0.354651601511,0.247678331576,0.0,-0.2854,0.6042
EBITDA,187349000.0,145615000.0,192454000.0,148567000.0,160209000.0,143178000.0,111907000.0,114119000.0,120802000.0,101240000.0
EBIT,186787000.0,145020000.0,191796000.0,147949000.0,159526000.0,142412000.0,111130000.0,113294000.0,120102000.0,100584000.0
Consolidated Income,117196000.0,77809000.0,117121000.0,83412000.0,109390000.0,116853000.0,75539000.0,69682000.0,70015000.0,56142000.0
Earnings Before Tax Margin,0.452941090334,0.368596820184,0.516223796034,0.364918000084,0.380626365292,0.461691509752,0.338872600702,0.0,0.3856,0.4002
Net Profit Margin,0.343225315195,0.215821970243,0.331787535411,0.218942925539,0.248397981752,0.293923966576,0.218197836479,0.0,0.2454,0.2546
