Date,2018-12-31,2017-12-31,2016-12-31,2015-12-31,2014-12-31,2013-12-31,2012-12-31,2011-12-31,2010-12-31,2009-12-31
Revenue,347317000.0,-240000.0,-2831000.0,-3716000.0,90000.0,354551000.0,5600000.0,0.0,189098000.0,153319000.0
Revenue Growth,-1448.15416666667,-0.915224302366655,-0.238159311087191,-42.2888888888889,-0.999746157816506,62.3126785714286,0.0,-1,0.233363118726316,-0.1849
Cost of Revenue,93618000.0,102814000.0,136204000.0,196797000.0,132013000.0,29852000.0,9984000.0,2171000.0,0.0,0.0
Gross Profit,253699000.0,-103054000.0,-139035000.0,-200513000.0,-131923000.0,324699000.0,-4384000.0,-2171000.0,189098000.0,153319000.0
R&D Expenses,21961000.0,19699000.0,20460000.0,18929000.0,15567000.0,11315000.0,7736000.0,4222000.0,0.0,0.0
SG&A Expense,55239000.0,45727000.0,55036000.0,55067000.0,38509000.0,26813000.0,19950000.0,46362000.0,105435000.0,84065000.0
Operating Expenses,214308000.0,206132000.0,217958000.0,220901000.0,185321000.0,193434000.0,140234000.0,156050000.0,136337000.0,112230000.0
Operating Income,50031000.0,-322000.0,57663000.0,17649000.0,52199000.0,43105000.0,1142000.0,23244000.0,52761000.0,41089000.0
Interest Expense,1863000.0,883000.0,552000.0,1049000.0,599000.0,1389000.0,491000.0,1414000.0,0.0,0.0
Earnings before Tax,36491000.0,-17087000.0,47242000.0,8427000.0,46052000.0,17375000.0,1142000.0,23244000.0,57854000.0,40550000.0
Income Tax Expense,8514000.0,-6855000.0,9768000.0,-3512000.0,12993000.0,13794000.0,-1479000.0,7546000.0,20009000.0,12556000.0
Net Income - Non-Controlling int,0.0,0.0,0.0,0.0,0.0,0.0,0.0,0.0,-402000.0,-321000.0
Net Income - Discontinued ops,0.0,0.0,0.0,0.0,0.0,0.0,0.0,0.0,0.0,0.0
Net Income,92889000.0,-11195000.0,35272000.0,10279000.0,31626000.0,31311000.0,2621000.0,15698000.0,37845000.0,27994000.0
Preferred Dividends,0.0,0.0,0.0,0.0,0.0,0.0,0.0,0.0,0.0,0.0
Net Income Com,92889000.0,-11195000.0,35272000.0,10279000.0,31626000.0,31311000.0,2621000.0,15698000.0,37845000.0,27994000.0
EPS,0.6,-0.2,0.67,0.22,0.76,0.85,0.08,0.46,8.62,9.47
EPS Diluted,0.6,-0.2,0.67,0.22,0.71,0.79,0.07,0.4,1.0,0.75
Weighted Average Shs Out,43731881.0,46740097.0,48588917.0,47601979.0,40561644.0,36551246.0,34940800.0,34286840.0,34511741.0,
Weighted Average Shs Out (Dil),44189324.0,46740097.0,48785674.0,48379051.0,43214895.0,39632878.0,37880208.0,38981792.0,4392798.0,2956377.0
Dividend per Share,0.23254485631,0.239066684008,0.208913788913,0.196365984938,0.18833784046,0.184846530701,0.184053899598,0.0450979780509,0.0,0.0
Gross Margin,0.730453735348,429.391666667,49.1116213352,53.9593649085,-1465.81111111,0.915803368204,-0.782857142857,0.0,1.0,1.0
EBITDA Margin,0.263091066662,-162.945833333,-32.2631578947,-13.2637244349,789.666666667,0.15545577364,1.83,0.0,0.331,0.282
EBIT Margin,0.144049960123,1.34166666667,-20.3684210526,-4.74946178687,579.988888889,0.12157630355,0.203928571429,0.0,0.3059,0.2645
Profit Margin,0.26744731758,46.6458333333,-12.4592016955,-2.76614639397,351.4,0.0883116956376,0.468035714286,0.0,0.2,0.183
Free Cash Flow margin,-0.414661533988,40.8291666667,-35.6608972095,-15.4835844995,1437.93333333,-0.0691466107838,0.676964285714,0.0,0.1231,0.3787
EBITDA,91376000.0,39107000.0,91337000.0,49288000.0,71070000.0,55117000.0,10248000.0,35248000.0,62501000.0,43239000.0
EBIT,50031000.0,-322000.0,57663000.0,17649000.0,52199000.0,43105000.0,1142000.0,23244000.0,57854000.0,40550000.0
Consolidated Income,92889000.0,-11195000.0,35272000.0,10279000.0,31626000.0,31311000.0,2621000.0,15698000.0,37443000.0,27673000.0
Earnings Before Tax Margin,0.105065401348,71.1958333333,-16.687389615,-2.26776103337,511.688888889,0.0490056437579,0.203928571429,0.0,0.3059,0.2645
Net Profit Margin,0.26744731758,46.6458333333,-12.4592016955,-2.76614639397,351.4,0.0883116956376,0.468035714286,0.0,0.2001,0.1826
