Date,2018-12-31,2017-12-31,2016-12-31,2015-12-31,2014-12-31,2013-12-31,2012-12-31,2011-12-31,2010-12-31,2009-07-31
Revenue,1041758000.0,890151000.0,718774000.0,694700000.0,601552000.0,573621000.0,546285000.0,467398000.0,363888000.0,234816000.0
Revenue Growth,0.170316047502053,0.238429603741927,0.0346538073988772,0.154846131340267,0.0486924293217996,0.0500398143826025,0.168779070513781,0.284455656685574,0.549672935404742,0.3967
Cost of Revenue,0.0,0.0,0.0,0.0,48075000.0,46142000.0,42643000.0,32600000.0,56978000.0,32320000.0
Gross Profit,0.0,0.0,0.0,0.0,553477000.0,527479000.0,503642000.0,434798000.0,306910000.0,202496000.0
R&D Expenses,181160000.0,161011000.0,107556000.0,102144000.0,79053000.0,89856000.0,77445000.0,70953000.0,0.0,0.0
SG&A Expense,547960000.0,475215000.0,408552000.0,398667000.0,358310000.0,345657000.0,324800000.0,256418000.0,237591000.0,138826000.0
Operating Expenses,935160000.0,791827000.0,655458000.0,635371000.0,542563000.0,524489000.0,474145000.0,383949000.0,237591000.0,138826000.0
Operating Income,106598000.0,98324000.0,63316000.0,59329000.0,58989000.0,49132000.0,72140000.0,83449000.0,69319000.0,63670000.0
Interest Expense,0.0,0.0,0.0,0.0,0.0,0.0,0.0,0.0,52000.0,1000.0
Earnings before Tax,123817000.0,103458000.0,61561000.0,58122000.0,68906000.0,52500000.0,76138000.0,84013000.0,69632000.0,64065000.0
Income Tax Expense,5114000.0,17571000.0,19961000.0,19707000.0,26213000.0,18460000.0,28919000.0,31930000.0,27400000.0,26902000.0
Net Income - Non-Controlling int,0.0,0.0,0.0,0.0,0.0,0.0,0.0,0.0,0.0,0.0
Net Income - Discontinued ops,0.0,0.0,0.0,0.0,0.0,0.0,0.0,0.0,0.0,0.0
Net Income,118703000.0,85887000.0,41600000.0,38415000.0,42693000.0,34040000.0,47219000.0,52083000.0,42232000.0,37163000.0
Preferred Dividends,0.0,0.0,802000.0,1102000.0,4842000.0,5360000.0,7599000.0,558000.0,14659000.0,29000000.0
Net Income Com,118703000.0,85887000.0,41600000.0,38415000.0,42693000.0,34040000.0,47219000.0,52083000.0,27573000.0,8163000.0
EPS,0.0,0.0,0.0,0.0,0.0,0.0,0.0,1.24,1.06,0.0
EPS Diluted,0.0,0.0,0.0,0.0,0.0,0.0,0.0,1.19,0.98,0.0
Weighted Average Shs Out,52222000.0,50482000.0,49535000.0,51332000.0,40907000.0,2603000.0,29698000.0,22238000.0,40878257.0,12036000.0
Weighted Average Shs Out (Dil),54481000.0,53198000.0,50797000.0,51875000.0,41770000.0,2603000.0,6150000.0,19822000.0,24569000.0,15712000.0
Dividend per Share,0.0,0.0,0.0,0.0,0.0,0.0,0.0,0.0,0.0,0.0
Gross Margin,0.0,0.0,0.0,0.0,0.920081721946,0.91956012768,0.921940012997,0.930252161969,0.8434,0.8624
EBITDA Margin,0.173375198463,0.186488584521,0.179008979178,0.178120051821,0.161859656356,0.134250663766,0.16741993648,0.205456591599,0.212,0.292
EBIT Margin,0.102325108135,0.110457663924,0.0880888846842,0.0854023319418,0.0980613479799,0.0856523732569,0.132055611997,0.17853948883,0.1915,0.2728
Profit Margin,0.113944889312,0.0964858771152,0.0578763283035,0.0552972506118,0.0709714205921,0.05934231836,0.0864365669934,0.111431799024,0.076,0.035
Free Cash Flow margin,0.182404166803,0.195661185574,0.0949491773492,0.156733841946,0.0492675612416,0.151260152609,0.112737856613,0.151851313014,0.1925,0.1232
EBITDA,180615000.0,166003000.0,128667000.0,123740000.0,97367000.0,77009000.0,91459000.0,96030000.0,77272000.0,68659000.0
EBIT,106598000.0,98324000.0,63316000.0,59329000.0,58989000.0,49132000.0,72140000.0,83449000.0,69684000.0,64066000.0
Consolidated Income,118703000.0,85887000.0,41600000.0,38415000.0,42693000.0,34040000.0,47219000.0,52083000.0,42232000.0,37163000.0
Earnings Before Tax Margin,0.11885389889,0.116225224709,0.0856472270839,0.08366489132,0.114547038328,0.0915238458843,0.139374136211,0.179746169218,0.1914,0.2728
Net Profit Margin,0.113944889312,0.0964858771152,0.0578763283035,0.0552972506118,0.0709714205921,0.05934231836,0.0864365669934,0.111431799024,0.1161,0.1583
