Date,2019-03-31,2018-03-31,2017-03-31,2016-03-31,2015-03-31,2014-03-31,2013-03-31,2012-03-31,2011-03-31,2010-03-31
Revenue,91831000.0,77534000.0,91769000.0,90039000.0,135169000.0,102218000.0,104973000.0,0.0,74235000.0,62189000.0
Revenue Growth,0.184396522815797,-0.155117741285183,0.0192138962005353,-0.333878330090479,0.322360054002231,-0.0262448439122441,0.0,-1,0.193699850455868,-0.3849
Cost of Revenue,69922000.0,60204000.0,69608000.0,66784000.0,93365000.0,70406000.0,73151000.0,0.0,52384000.0,39958000.0
Gross Profit,21909000.0,17330000.0,22161000.0,23255000.0,41804000.0,31812000.0,31822000.0,0.0,21851000.0,22231000.0
R&D Expenses,3538000.0,3211000.0,3863000.0,3746000.0,3585000.0,3436000.0,3579000.0,0.0,0.0,0.0
SG&A Expense,17641000.0,15410000.0,14624000.0,16331000.0,18283000.0,16973000.0,16332000.0,0.0,13076000.0,12093000.0
Operating Expenses,21416000.0,18857000.0,18721000.0,20311000.0,22097000.0,20409000.0,19911000.0,0.0,13076000.0,12189000.0
Operating Income,-145000.0,-12854000.0,7049000.0,8730000.0,21752000.0,14710000.0,11148000.0,0.0,8775000.0,10042000.0
Interest Expense,12000.0,12000.0,10000.0,10000.0,0.0,0.0,-264000.0,0.0,92000.0,36000.0
Earnings before Tax,-145000.0,-12854000.0,7049000.0,8730000.0,21752000.0,14710000.0,0.0,0.0,8760000.0,10061000.0
Income Tax Expense,163000.0,-3010000.0,2026000.0,2599000.0,7017000.0,4565000.0,4429000.0,0.0,2886000.0,3700000.0
Net Income - Non-Controlling int,0.0,0.0,0.0,0.0,0.0,0.0,0.0,0.0,0.0,0.0
Net Income - Discontinued ops,0.0,0.0,0.0,0.0,0.0,0.0,0.0,0.0,0.0,0.0
Net Income,-308000.0,-9844000.0,5023000.0,6131000.0,14735000.0,10145000.0,11148000.0,0.0,5874000.0,6361000.0
Preferred Dividends,0.0,0.0,0.0,0.0,0.0,0.0,0.0,0.0,0.0,0.0
Net Income Com,-308000.0,-9844000.0,5023000.0,6131000.0,14735000.0,10145000.0,11148000.0,0.0,5874000.0,6361000.0
EPS,-0.03,-1.01,0.52,0.61,1.46,1.01,1.11,0.0,0.59,0.64
EPS Diluted,-0.03,-1.01,0.52,0.61,1.45,1.0,1.11,0.0,0.59,0.64
Weighted Average Shs Out,9823000.0,9764000.0,9716000.0,9976000.0,10123000.0,10070000.0,10027000.0,0.0,9839994.0,9845277.0
Weighted Average Shs Out (Dil),9823000.0,9764000.0,9728000.0,9983000.0,10143000.0,10104000.0,10051000.0,0.0,9919000.0,9899000.0
Dividend per Share,0.390308459737,0.360200737403,0.358963815789,0.330161274166,0.199743665582,0.12945368171,0.0894438364342,0.0,0.08,0.08
Gross Margin,0.238579564635,0.2235148451,0.24148677658,0.258276968869,0.309272096413,0.31121720245,0.30314461814,0.0,0.2943,0.3575
EBITDA Margin,0.0319608846686,-0.123584491965,0.117272717366,0.137484867668,0.181802040409,0.17408871236,0.134510778962,0.0,0.141,0.18
EBIT Margin,-0.00157898748789,-0.165785332886,0.0768124312132,0.0969579848732,0.160924472327,0.143908117944,0.106198736818,0.0,0.1192,0.1624
Profit Margin,-0.00335398721565,-0.126963654655,0.0547352591834,0.0680927153789,0.109011681673,0.0992486646188,0.106198736818,0.0,0.079,0.102
Free Cash Flow margin,0.0629308185689,0.0833182861712,0.131460514989,0.195448638923,0.00724278495809,0.0975072883445,0.10266449468,0.0,-0.1661,0.4708
EBITDA,2935000.0,-9582000.0,10762000.0,12379000.0,24574000.0,17795000.0,14120000.0,0.0,10500000.0,11216000.0
EBIT,-145000.0,-12854000.0,7049000.0,8730000.0,21752000.0,14710000.0,11148000.0,0.0,8852000.0,10097000.0
Consolidated Income,-308000.0,-9844000.0,5023000.0,6131000.0,14735000.0,10145000.0,11148000.0,0.0,5874000.0,6361000.0
Earnings Before Tax Margin,-0.00157898748789,-0.165785332886,0.0768124312132,0.0969579848732,0.160924472327,0.143908117944,0.0,0.0,0.118,0.1618
Net Profit Margin,-0.00335398721565,-0.126963654655,0.0547352591834,0.0680927153789,0.109011681673,0.0992486646188,0.106198736818,0.0,0.0791,0.1023
