Date,2018-12-31,2017-12-31,2016-12-31,2015-12-31,2014-12-31,2013-12-31,2012-12-31,2011-12-31,2010-12-31,2009-12-31
Revenue,366561000.0,286827000.0,200581000.0,249900000.0,223146000.0,105613000.0,108183000.0,0.0,66804000.0,79344000.0
Revenue Growth,0.277986382035164,0.429980905469611,-0.197354941976791,0.119894598155468,1.11286489352637,-0.0237560430012109,0.0,-1,-0.158045977011494,-0.1161
Cost of Revenue,138275000.0,141153000.0,120138000.0,107737000.0,85759000.0,37044000.0,33413000.0,0.0,23991000.0,35512000.0
Gross Profit,228286000.0,145674000.0,80443000.0,142163000.0,137387000.0,68569000.0,74770000.0,0.0,42813000.0,43832000.0
R&D Expenses,94934000.0,92420000.0,81879000.0,72856000.0,64284000.0,46877000.0,54275000.0,0.0,25180000.0,25975000.0
SG&A Expense,145527000.0,138781000.0,78275000.0,74332000.0,70095000.0,41670000.0,35637000.0,0.0,25248000.0,30673000.0
Operating Expenses,240701000.0,237220000.0,162433000.0,148464000.0,135322000.0,91331000.0,96876000.0,0.0,54262000.0,58739000.0
Operating Income,-12415000.0,-91546000.0,-81990000.0,-6301000.0,2065000.0,-22762000.0,-22106000.0,0.0,-11449000.0,-14907000.0
Interest Expense,0.0,0.0,0.0,0.0,0.0,0.0,-21000.0,0.0,575000.0,1276000.0
Earnings before Tax,-12650000.0,-98396000.0,-87741000.0,-7044000.0,593000.0,-22752000.0,-22453000.0,0.0,-12714000.0,-16034000.0
Income Tax Expense,549000.0,-826000.0,-301000.0,141000.0,-7555000.0,-2843000.0,-1994000.0,0.0,709000.0,2160000.0
Net Income - Non-Controlling int,0.0,0.0,0.0,0.0,0.0,0.0,0.0,0.0,0.0,0.0
Net Income - Discontinued ops,0.0,0.0,0.0,0.0,0.0,0.0,0.0,0.0,0.0,0.0
Net Income,-13199000.0,-97570000.0,-87440000.0,-7185000.0,8148000.0,-19909000.0,-20459000.0,0.0,-13423000.0,-18194000.0
Preferred Dividends,0.0,0.0,0.0,0.0,0.0,0.0,0.0,0.0,0.0,0.0
Net Income Com,-13199000.0,-97570000.0,-87440000.0,-7185000.0,8148000.0,-19909000.0,-20459000.0,0.0,-13423000.0,-18194000.0
EPS,-0.09,-0.72,-0.66,-0.06,0.09,-0.28,-0.32,0.0,-0.38,-0.61
EPS Diluted,-0.09,-0.72,-0.66,-0.06,0.08,-0.28,-0.32,0.0,-0.38,-0.61
Weighted Average Shs Out,141402000.0,135715000.0,131804000.0,118775000.0,91826000.0,71543000.0,64932000.0,0.0,44572844.0,30301983.0
Weighted Average Shs Out (Dil),141402000.0,135715000.0,131804000.0,118775000.0,96922000.0,71543000.0,64932000.0,0.0,35439000.0,29853000.0
Dividend per Share,0.0,0.0,0.0,0.0,0.0,0.0,0.0,0.0,0.0,0.0
Gross Margin,0.622777655015,0.507881057223,0.401049949896,0.568879551821,0.615682109471,0.649247725185,0.691143710195,0.0,0.6409,0.5524
EBITDA Margin,0.00152498492747,-0.272010654506,-0.295396872087,0.0252661064426,0.0441549478817,-0.137113802278,-0.129179261067,0.0,-0.086,-0.065
EBIT Margin,-0.0338688512962,-0.319168000223,-0.408762544807,-0.0252140856343,0.00925403099316,-0.215522710272,-0.204338944196,0.0,-0.1817,-0.186
Profit Margin,-0.0360076494772,-0.340170207128,-0.435933612855,-0.0287515006002,0.0365142104273,-0.188508990371,-0.189114740763,0.0,-0.201,-0.229
Free Cash Flow margin,0.0789063757465,-0.137992587867,-0.113939007184,-0.0568867547019,0.122260762012,-0.116462935434,-0.0810016361166,0.0,0.023,0.0037
EBITDA,559000.0,-78020000.0,-59251000.0,6314000.0,9853000.0,-14481000.0,-13975000.0,0.0,-5733000.0,-5121000.0
EBIT,-12415000.0,-91546000.0,-81990000.0,-6301000.0,2065000.0,-22762000.0,-22106000.0,0.0,-12139000.0,-14758000.0
Consolidated Income,-13199000.0,-97570000.0,-87440000.0,-7185000.0,8148000.0,-19909000.0,-20459000.0,0.0,-13423000.0,-18194000.0
Earnings Before Tax Margin,-0.0345099451387,-0.343049991807,-0.437434253494,-0.02818727491,0.00265745296801,-0.215428024959,-0.207546472181,0.0,-0.1903,-0.2021
Net Profit Margin,-0.0360076494772,-0.340170207128,-0.435933612855,-0.0287515006002,0.0365142104273,-0.188508990371,-0.189114740763,0.0,-0.2009,-0.2293
