Date,2018-12-31,2017-12-31,2016-12-31,2015-12-31,2014-12-31,2013-12-31,2012-12-31,2011-12-31,2010-12-31,2009-12-31
Revenue,656070000.0,460023000.0,256863000.0,190238000.0,96715000.0,37546000.0,37315000.0,55497000.0,40825000.0,67339000.0
Revenue Growth,0.42616782204368,0.790927459384964,0.350219199108485,0.966995812438608,1.57590688755127,0.00619053999732011,-0.327621312863758,0.359387630128598,-0.393739140765381,-0.1878
Cost of Revenue,406375000.0,321800000.0,249420000.0,191840000.0,52631000.0,14706000.0,11931000.0,9850000.0,6362000.0,27417000.0
Gross Profit,249695000.0,138223000.0,7443000.0,-1602000.0,44084000.0,22840000.0,25384000.0,45647000.0,34463000.0,39922000.0
R&D Expenses,0.0,0.0,0.0,0.0,0.0,0.0,0.0,0.0,0.0,0.0
SG&A Expense,14705000.0,12558000.0,12728000.0,12469000.0,5037000.0,4937000.0,4259000.0,3528000.0,3018000.0,1823000.0
Operating Expenses,104942000.0,87836000.0,78001000.0,222523000.0,24598000.0,16016000.0,15376000.0,14607000.0,10905000.0,16166000.0
Operating Income,144753000.0,50387000.0,-70558000.0,-224125000.0,19486000.0,6824000.0,10008000.0,31040000.0,23558000.0,23756000.0
Interest Expense,75108000.0,59840000.0,45511000.0,29831000.0,2525000.0,2827000.0,3765000.0,3529000.0,2880000.0,1895000.0
Earnings before Tax,84767000.0,-2292000.0,-127866000.0,-220650000.0,15995000.0,-3903000.0,-53429000.0,32652000.0,38557000.0,21680000.0
Income Tax Expense,232000.0,56000.0,-155000.0,189000.0,0.0,0.0,0.0,0.0,0.0,0.0
Net Income - Non-Controlling int,0.0,0.0,0.0,0.0,0.0,0.0,0.0,0.0,0.0,0.0
Net Income - Discontinued ops,0.0,0.0,0.0,0.0,258000.0,7433000.0,59311000.0,-5594000.0,-18412000.0,0.0
Net Income,84535000.0,-2348000.0,-127711000.0,-220839000.0,15995000.0,-3903000.0,-53429000.0,32652000.0,38557000.0,21680000.0
Preferred Dividends,0.0,0.0,0.0,0.0,0.0,0.0,0.0,0.0,0.0,0.0
Net Income Com,84535000.0,-2348000.0,-127711000.0,-220839000.0,15995000.0,-3903000.0,-53429000.0,32652000.0,38557000.0,21680000.0
EPS,0.59,-0.02,-1.34,-7.3,1.52,-0.75,-10.95,6.7,10.1,6.35
EPS Diluted,0.59,-0.02,-1.34,-7.3,1.52,-0.75,-10.85,6.65,10.1,6.35
Weighted Average Shs Out,142197697.0,105965192.0,34535127.0,16024310.0,6094412.0,4887400.0,4885140.0,4885140.0,3420000.0,3420000.0
Weighted Average Shs Out (Dil),142197697.0,105965192.0,34535127.0,16024310.0,6094412.0,4887400.0,4885140.0,4885140.0,3420000.0,3420000.0
Dividend per Share,0.45,0.0,0.0,0.0,3.125,3.5,6.0,10.0,8.5,1.25
Gross Margin,0.3806,0.3005,0.029,-0.0084,0.4558,0.6083,0.6803,0.8225,0.8442,0.5929
EBITDA Margin,0.386,0.298,-0.068,-0.718,0.401,0.281,-0.758,1.073,1.51,0.566
EBIT Margin,0.2437,0.1251,-0.3206,-1.0031,0.1915,-0.0287,-1.3309,0.6519,1.015,0.3501
Profit Margin,0.129,-0.005,-0.497,-1.161,0.165,-0.104,-1.432,0.588,0.944,0.322
Free Cash Flow margin,0.065,0.1488,-0.7494,-0.5886,-3.6874,-0.3833,0.9862,0.7677,-0.8605,-1.2164
EBITDA,253524000.0,137056000.0,-17577000.0,-136529000.0,38766000.0,10561000.0,-28300000.0,59539000.0,61656000.0,38107000.0
EBIT,159875000.0,57548000.0,-82355000.0,-190819000.0,18520000.0,-1076000.0,-49664000.0,36181000.0,41437000.0,23575000.0
Consolidated Income,84535000.0,-2348000.0,-127711000.0,-220839000.0,15995000.0,-3903000.0,-53429000.0,32652000.0,38557000.0,21680000.0
Earnings Before Tax Margin,0.1292,-0.005,-0.4978,-1.1599,0.1654,-0.104,-1.4318,0.5884,0.9444,0.322
Net Profit Margin,0.1289,-0.0051,-0.4972,-1.1609,0.1654,-0.104,-1.4318,0.5884,0.9444,0.322
