Date,2018-12-31,2017-12-31,2016-12-31,2015-12-31,2014-12-31,2013-12-31,2012-12-31,2011-12-31,2010-12-31,2009-12-31
Revenue,3843353000.0,3596166000.0,3410881000.0,2965589000.0,3235611000.0,3041011000.0,3476870000.0,3553712000.0,2133922000.0,1305793000.0
Revenue Growth,0.0687362596721064,0.0543217426817294,0.15015297129845,-0.0834531715957203,0.0639918763858467,-0.125359590666318,-0.0216230240379637,0.665342969424374,0.634196231715134,0.0
Cost of Revenue,3611745000.0,3442396000.0,3214516000.0,2824918000.0,2860813000.0,2867991000.0,3380099000.0,3381480000.0,1981396000.0,1221745000.0
Gross Profit,231608000.0,153770000.0,196365000.0,140671000.0,374798000.0,173020000.0,96771000.0,172232000.0,152526000.0,84048000.0
R&D Expenses,0.0,0.0,0.0,0.0,0.0,0.0,0.0,0.0,0.0,0.0
SG&A Expense,115878000.0,112024000.0,104677000.0,79594000.0,88524000.0,65169000.0,79019000.0,73219000.0,60475000.0,44923000.0
Operating Expenses,115878000.0,112024000.0,104677000.0,79594000.0,88524000.0,65169000.0,79019000.0,73219000.0,60475000.0,44923000.0
Operating Income,115730000.0,41746000.0,91688000.0,61077000.0,286274000.0,107851000.0,64885000.0,99013000.0,92051000.0,39125000.0
Interest Expense,101025000.0,90160000.0,51851000.0,40366000.0,39908000.0,33357000.0,37521000.0,36645000.0,26144000.0,18827000.0
Earnings before Tax,20008000.0,-43151000.0,38351000.0,21465000.0,250430000.0,72281000.0,25156000.0,61899000.0,65901000.0,19881000.0
Income Tax Expense,-16726000.0,-124782000.0,7860000.0,6237000.0,90926000.0,28890000.0,13393000.0,23686000.0,17889000.0,91000.0
Net Income - Non-Controlling int,0.0,0.0,0.0,0.0,0.0,0.0,0.0,0.0,150000.0,364000.0
Net Income - Discontinued ops,0.0,0.0,0.0,0.0,0.0,0.0,0.0,0.0,0.0,0.0
Net Income,15923000.0,61061000.0,10663000.0,7064000.0,159504000.0,43391000.0,11779000.0,38418000.0,48012000.0,19790000.0
Preferred Dividends,0.0,0.0,0.0,0.0,0.0,0.0,0.0,0.0,0.0,0.0
Net Income Com,15923000.0,61061000.0,10663000.0,7064000.0,159504000.0,43391000.0,11779000.0,38418000.0,48012000.0,19790000.0
EPS,0.39,1.56,0.28,0.19,4.37,1.44,0.39,1.09,1.55,0.79
EPS Diluted,0.39,1.47,0.28,0.18,3.96,1.26,0.39,1.01,1.51,0.79
Weighted Average Shs Out,40320000.0,39247000.0,38318000.0,37947000.0,36467000.0,30183000.0,30296000.0,35276000.0,35780963.0,24964389.0
Weighted Average Shs Out (Dil),41254000.0,50240000.0,38573000.0,39028000.0,40730000.0,38304000.0,30463000.0,41808000.0,31032000.0,24895000.0
Dividend per Share,1.00026664081,0.783897292994,0.966427293703,0.507199959004,0.218708568623,0.0633354218881,0.0,0.0,0.0,0.0
Gross Margin,0.0602619639674,0.0427594276794,0.0575701702874,0.0474344219647,0.115835309003,0.05689555217,0.0278327921378,0.0484653792992,0.0715,0.0644
EBITDA Margin,0.0607958727705,0.0455665839675,0.0549424034436,0.0454816901465,0.109840768869,0.0538242051739,0.0347387161441,0.0426421724664,0.061,0.052
EBIT Margin,0.0301117279625,0.0116084741361,0.0268810316162,0.0205952342014,0.0884760250846,0.0354655080169,0.0186618999272,0.0278618526206,0.0431,0.0296
Profit Margin,0.00414299701329,0.0169794720266,0.00312617180136,0.00238198887304,0.0492964080045,0.0142686100116,0.0033878172034,0.0108106678313,0.022,0.015
Free Cash Flow margin,-0.00135818906044,-0.0573630360779,0.00727553966263,-0.0179364031901,0.0500687505389,0.0287970020496,-0.0107645669812,0.0186863763862,0.0069,0.0304
EBITDA,233660000.0,163865000.0,187402000.0,134880000.0,355402000.0,163680000.0,120782000.0,151538000.0,129400000.0,67343000.0
EBIT,115730000.0,41746000.0,91688000.0,61077000.0,286274000.0,107851000.0,64885000.0,99013000.0,92045000.0,38708000.0
Consolidated Income,15923000.0,61061000.0,10663000.0,7064000.0,159504000.0,43391000.0,11779000.0,38418000.0,48162000.0,20154000.0
Earnings Before Tax Margin,0.00520587101939,-0.0119991680028,0.0112437226629,0.00723802253111,0.0773980555759,0.023768740067,0.00723524319287,0.0174181250478,0.0309,0.0152
Net Profit Margin,0.00414299701329,0.0169794720266,0.00312617180136,0.00238198887304,0.0492964080045,0.0142686100116,0.0033878172034,0.0108106678313,0.0225,0.0152
