Date,2018-12-31,2017-12-31,2016-12-31,2015-12-31,2014-12-31,2013-12-31,2012-12-31,2011-12-31,2010-12-31,2009-12-31
Revenue,1932100000.0,1716500000.0,1598600000.0,3051500000.0,3243000000.0,3060700000.0,3155500000.0,3211900000.0,2675000000.0,2825000000.0
Revenue Growth,0.125604427614331,0.0737520330289003,-0.476126495166312,-0.0590502621029911,0.0595615382102134,-0.0300427824433529,-0.0175596998661229,0.200710280373832,-0.0530973451327434,-0.1483
Cost of Revenue,-48300000.0,-34300000.0,-16100000.0,1884000000.0,2050600000.0,1918600000.0,1989200000.0,2053400000.0,1729600000.0,1900500000.0
Gross Profit,1980400000.0,1750800000.0,1614700000.0,1167500000.0,1192400000.0,1142100000.0,1166300000.0,1158500000.0,945400000.0,924500000.0
R&D Expenses,62700000.0,53500000.0,48800000.0,69600000.0,79500000.0,65200000.0,64500000.0,68500000.0,60300000.0,70100000.0
SG&A Expense,307000000.0,302600000.0,309300000.0,574200000.0,664000000.0,505700000.0,537500000.0,565200000.0,511200000.0,574600000.0
Operating Expenses,570100000.0,486700000.0,506000000.0,643800000.0,743500000.0,570900000.0,602000000.0,633700000.0,571500000.0,829100000.0
Operating Income,244900000.0,210900000.0,166000000.0,309600000.0,334300000.0,360600000.0,57800000.0,383500000.0,207100000.0,95400000.0
Interest Expense,0.0,0.0,0.0,0.0,23300000.0,0.0,0.0,0.0,0.0,38300000.0
Earnings before Tax,244900000.0,210900000.0,166000000.0,309600000.0,334300000.0,360600000.0,57800000.0,383500000.0,0.0,82700000.0
Income Tax Expense,78100000.0,200500000.0,59000000.0,164700000.0,57000000.0,102900000.0,-37300000.0,114700000.0,32500000.0,11500000.0
Net Income - Non-Controlling int,0.0,0.0,0.0,0.0,0.0,0.0,0.0,0.0,0.0,10000000.0
Net Income - Discontinued ops,0.0,0.0,0.0,0.0,0.0,0.0,0.0,0.0,0.0,0.0
Net Income,167600000.0,11200000.0,94100000.0,144200000.0,276300000.0,256100000.0,94100000.0,269400000.0,207100000.0,71200000.0
Preferred Dividends,0.0,0.0,0.0,0.0,0.0,0.0,0.0,0.0,0.0,0.0
Net Income Com,167600000.0,11200000.0,94100000.0,144200000.0,276300000.0,256100000.0,94100000.0,269400000.0,207100000.0,71200000.0
EPS,2.49,0.16,1.34,2.0,3.67,3.35,1.26,3.66,2.85,0.99
EPS Diluted,2.49,0.16,1.33,1.99,3.63,3.3,1.23,3.57,2.78,0.98
Weighted Average Shs Out,67200000.0,68100000.0,70100000.0,72000000.0,75300000.0,76400000.0,74900000.0,73600000.0,72700000.0,72236518.0
Weighted Average Shs Out (Dil),67300000.0,68200000.0,70500000.0,72600000.0,76200000.0,77700000.0,76300000.0,75500000.0,74400000.0,72200000.0
Dividend per Share,0.959881129272,0.840175953079,0.510638297872,0.0,0.0,0.0,0.0,0.0,0.0,0.0
Gross Margin,1.02499870607,1.01998252258,1.0100713124,0.38259872194,0.367684242985,0.373149933022,0.36960861987,0.360689934307,0.353420560748,0.3273
EBITDA Margin,0.17892448631,0.187824060588,0.166583260353,0.144551859741,0.145359235276,0.158035743457,0.0560291554429,0.156760795791,0.120635514019,0.083
EBIT Margin,0.12675327364,0.122866297699,0.103840860753,0.101458299197,0.103083564601,0.11781618584,0.0183172238948,0.119399732246,0.0774205607477,0.0428
Profit Margin,0.0867449924952,0.00652490533061,0.0588640060053,0.0472554481403,0.0851988899167,0.083673669422,0.0298209475519,0.0838755876584,0.0774205607477,0.025
Free Cash Flow margin,0.0650587443714,0.11302068162,0.0942074315026,-0.046337866623,-0.506290471785,0.117522135459,0.0998573918555,0.0234752015941,0.0802990654206,0.1202
EBITDA,345700000.0,322400000.0,266300000.0,441100000.0,471400000.0,483700000.0,176800000.0,503500000.0,322700000.0,234000000.0
EBIT,244900000.0,210900000.0,166000000.0,309600000.0,334300000.0,360600000.0,57800000.0,383500000.0,207100000.0,121000000.0
Consolidated Income,167600000.0,11200000.0,94100000.0,144200000.0,276300000.0,256100000.0,94100000.0,269400000.0,207100000.0,81200000.0
Earnings Before Tax Margin,0.12675327364,0.122866297699,0.103840860753,0.101458299197,0.103083564601,0.11781618584,0.0183172238948,0.119399732246,0.0,0.0293
Net Profit Margin,0.0867449924952,0.00652490533061,0.0588640060053,0.0472554481403,0.0851988899167,0.083673669422,0.0298209475519,0.0838755876584,0.0774205607477,0.0252
