Date,2018-12-31,2017-12-31,2016-12-31,2015-12-31,2014-12-31,2013-12-31,2012-12-31,2011-12-31,2010-12-31,2009-12-31
Revenue,2636746000.0,2843877000.0,3143354000.0,3119516000.0,3191688000.0,2573655000.0,2334472000.0,1610430.0,312941000.0,14540000.0
Revenue Growth,-0.0728340220058744,-0.0952730745566678,0.00764157003842904,-0.0226124859322089,0.240138246967834,0.10245700098352,1448.59544966251,-0.994853886195801,20.522764786795,
Cost of Revenue,1316145000.0,1510016000.0,1786451000.0,1734451000.0,1642502000.0,1072122000.0,718940000.0,258879.0,42896000.0,4716000.0
Gross Profit,1320601000.0,1333861000.0,1356903000.0,1385065000.0,1549186000.0,1501533000.0,1615532000.0,1351551.0,270045000.0,9824000.0
R&D Expenses,0.0,0.0,0.0,0.0,0.0,0.0,0.0,0.0,0.0,0.0
SG&A Expense,870961000.0,901781000.0,1066168000.0,1192792000.0,1293716000.0,1210966000.0,1179080000.0,821002.0,487206000.0,10901000.0
Operating Expenses,1266562000.0,1304426000.0,1466666000.0,1464842000.0,1564028000.0,1425779000.0,1516831000.0,1843816.0,690389000.0,10901000.0
Operating Income,54039000.0,29435000.0,-109763000.0,-79777000.0,-14842000.0,75754000.0,98701000.0,-233386.0,-420344000.0,-1077000.0
Interest Expense,21909000.0,20680000.0,15684000.0,3001000.0,907000.0,291000.0,0.0,0.0,0.0,0.0
Earnings before Tax,1031000.0,36145000.0,-185870000.0,-108316000.0,-48195000.0,-18909000.0,94942000.0,-254065.0,-396314000.0,-1093000.0
Income Tax Expense,-957000.0,7544000.0,-2547000.0,-19145000.0,15724000.0,70037000.0,145973000.0,43697.0,-6674000.0,248000.0
Net Income - Non-Controlling int,0.0,0.0,0.0,0.0,0.0,0.0,0.0,0.0,-23746000.0,0.0
Net Income - Discontinued ops,0.0,0.0,0.0,0.0,0.0,0.0,0.0,0.0,0.0,0.0
Net Income,-11079000.0,14040000.0,-194587000.0,20668000.0,-73090000.0,-95393000.0,-54773000.0,-279427.0,-389640000.0,-1341000.0
Preferred Dividends,0.0,0.0,0.0,0.0,0.0,0.0,0.0,0.0,66680000.0,5575000.0
Net Income Com,-11079000.0,14040000.0,-194587000.0,20668000.0,-73090000.0,-95393000.0,-54773000.0,-279427.0,-456320000.0,-6916000.0
EPS,-0.02,0.03,-0.34,0.03,-0.11,-0.14,-0.1,-1.03,-1.33,-0.02
EPS Diluted,-0.02,0.02,-0.34,0.03,-0.11,-0.14,-0.1,-1.03,-1.33,-0.02
Weighted Average Shs Out,566511108.0,559367075.0,576354258.0,650106225.0,674832393.0,663910194.0,650214119.0,362261324.0,,
Weighted Average Shs Out (Dil),566511108.0,568418371.0,576354258.0,650106225.0,674832393.0,663910194.0,650214119.0,362261324.0,342698772.0,337208284.0
Dividend per Share,0.0168681599797,0.0,0.0,0.0,0.0,0.0,0.0,0.0,0.0,0.0
Gross Margin,0.500844980897,0.469029075449,0.431673619961,0.443999966661,0.485381403195,0.583424351749,0.692033144968,0.839248523686,0.8629,0.6757
EBITDA Margin,0.068942931932,0.0623806866471,0.0112239983152,0.0170516836586,0.0407555500412,0.0641900332407,0.0661828456285,-0.125016920947,-1.225,-0.07
EBIT Margin,0.0204945793034,0.0103503069929,-0.0349190705215,-0.0255735184561,-0.00465020390464,0.0294344036011,0.042279796031,-0.144921542694,-1.2664,-0.0752
Profit Margin,-0.00420176990882,0.00493692237744,-0.061904258954,0.00662538675872,-0.0229001080306,-0.0370651855047,-0.0234626930629,-0.173510801463,-1.458,-0.476
Free Cash Flow margin,0.0459505769611,0.0266963022662,0.0153377570582,0.054778369465,0.0628294494951,0.0601972680876,0.0732491115764,0.15314915892,0.2307,0.4966
EBITDA,181785000.0,177403000.0,35281000.0,53193000.0,130079000.0,165203000.0,154502000.0,-201331.0,-383362000.0,-1013000.0
EBIT,54039000.0,29435000.0,-109763000.0,-79777000.0,-14842000.0,75754000.0,98701000.0,-233386.0,-396314000.0,-1093000.0
Consolidated Income,-11079000.0,14040000.0,-194587000.0,20668000.0,-73090000.0,-95393000.0,-54773000.0,-279427.0,-413386000.0,-1341000.0
Earnings Before Tax Margin,0.000391012255257,0.0127097620607,-0.0591311064551,-0.0347220530364,-0.015100160166,-0.00734713860249,0.0406695818155,-0.157762212577,-1.2664,-0.0752
Net Profit Margin,-0.00420176990882,0.00493692237744,-0.061904258954,0.00662538675872,-0.0229001080306,-0.0370651855047,-0.0234626930629,-0.173510801463,-1.2451,-0.0922
