Date,2018-12-31,2017-12-31,2016-12-31,2015-12-31,2014-12-31,2013-12-31,2012-12-31,2011-12-31,2010-12-31,2009-12-31
Revenue,613431000.0,421734000.0,289269000.0,276011000.0,559398000.0,720450000.0,583109000.0,596191000.0,0.0,263716000.0
Revenue Growth,0.454544807864673,0.457930161890835,0.0480343174728543,-0.506592801547378,-0.223543618571726,0.235532293276214,-0.0219426324785178,0.0,-1,1.3127
Cost of Revenue,424547000.0,302214000.0,907724000.0,613115000.0,528139000.0,408407000.0,319606000.0,302771000.0,0.0,40784000.0
Gross Profit,188884000.0,119520000.0,-618455000.0,-337104000.0,31259000.0,312043000.0,263503000.0,293420000.0,0.0,222932000.0
R&D Expenses,0.0,0.0,0.0,0.0,0.0,0.0,0.0,0.0,0.0,0.0
SG&A Expense,39483000.0,39014000.0,33218000.0,32353000.0,51249000.0,53400000.0,58882000.0,60389000.0,0.0,28787000.0
Operating Expenses,39483000.0,39014000.0,34147000.0,32353000.0,51249000.0,53400000.0,68218000.0,60389000.0,0.0,164650000.0
Operating Income,151487000.0,37330000.0,-650234000.0,-368088000.0,-17134000.0,126288000.0,197363000.0,234247000.0,0.0,58282000.0
Interest Expense,0.0,0.0,0.0,0.0,0.0,0.0,0.0,1600000.0,0.0,0.0
Earnings before Tax,151487000.0,37330000.0,-650234000.0,-368088000.0,-17134000.0,-13566000.0,197363000.0,234247000.0,0.0,38295000.0
Income Tax Expense,48871000.0,69038000.0,-184669000.0,-100059000.0,127215000.0,135548000.0,97704000.0,107330000.0,0.0,24354000.0
Net Income - Non-Controlling int,0.0,0.0,0.0,0.0,0.0,0.0,0.0,0.0,0.0,0.0
Net Income - Discontinued ops,0.0,0.0,0.0,0.0,0.0,0.0,0.0,0.0,0.0,0.0
Net Income,102616000.0,-31708000.0,-465565000.0,-268029000.0,-171339000.0,126288000.0,197363000.0,234247000.0,0.0,13941000.0
Preferred Dividends,0.0,0.0,0.0,0.0,0.0,0.0,0.0,0.0,0.0,0.0
Net Income Com,102616000.0,-31708000.0,-465565000.0,-268029000.0,-171339000.0,126288000.0,197363000.0,234247000.0,0.0,13941000.0
EPS,0.26,-0.08,-1.45,-0.94,-0.6,0.45,0.35,0.46,0.0,0.06
EPS Diluted,0.26,-0.08,-1.45,-0.94,-0.6,0.44,0.35,0.45,0.0,0.05
Weighted Average Shs Out,390930453.0,396683593.0,320851538.0,285333869.0,284715785.0,282808497.0,280741255.0,273491564.0,0.0,216259799.0
Weighted Average Shs Out (Dil),427119872.0,396683593.0,320851538.0,285333869.0,284715785.0,286127897.0,284172254.0,281287002.0,0.0,241258568.0
Dividend per Share,0.0,0.0,0.0,0.0,0.0,0.0,0.0,0.0,0.0,0.0
Gross Margin,0.307914011519,0.283401385708,-2.13799266427,-1.22134262765,0.0558797135492,0.433122354084,0.45189321379,0.492157714558,0.0,0.8453
EBITDA Margin,0.574697072694,0.405658543063,-1.74580753555,-0.694544782635,0.775599841258,0.54609480186,0.650650221485,0.78075985716,0.0,0.66
EBIT Margin,0.246950349754,0.0885155097763,-2.24785234505,-1.33359902323,-0.0306293551282,0.175290443473,0.338466736065,0.392905964699,0.0,0.1452
Profit Margin,0.167282057803,-0.0751848321454,-1.60945348447,-0.971080862719,-0.306291763646,0.175290443473,0.338466736065,0.392905964699,0.0,0.053
Free Cash Flow margin,0.463799514534,0.449676810501,0.321645250614,0.225733756988,0.373008126593,0.72296620168,0.268078523912,0.598616886199,0.0,0.341
EBITDA,352537000.0,171080000.0,-505008000.0,-191702000.0,433869000.0,393434000.0,379400000.0,465482000.0,0.0,174158000.0
EBIT,151487000.0,37330000.0,-650234000.0,-368088000.0,-17134000.0,126288000.0,197363000.0,234247000.0,0.0,38295000.0
Consolidated Income,102616000.0,-31708000.0,-465565000.0,-268029000.0,-171339000.0,126288000.0,197363000.0,234247000.0,0.0,13941000.0
Earnings Before Tax Margin,0.246950349754,0.0885155097763,-2.24785234505,-1.33359902323,-0.0306293551282,-0.0188298979804,0.338466736065,0.392905964699,0.0,0.1452
Net Profit Margin,0.167282057803,-0.0751848321454,-1.60945348447,-0.971080862719,-0.306291763646,0.175290443473,0.338466736065,0.392905964699,0.0,0.0529
