Date,2018-12-31,2017-12-31,2016-12-31,2015-12-31,2014-12-31,2013-12-31,2012-12-31,2011-12-31,2010-12-31,2009-12-31
Revenue,136106000.0,120153000.0,115266000.0,110733000.0,99867000.0,102463000.0,102168000.0,0.0,78360000.0,84170000.0
Revenue Growth,0.13277238187977,0.0423975847170892,0.0409363062501693,0.108804710264652,-0.0253359749372944,0.0028874011432151,0.0,-1,-0.0690269692289414,0.0183
Cost of Revenue,23649000.0,22345000.0,22725000.0,23649000.0,23752000.0,29326000.0,30232000.0,0.0,10053000.0,10653000.0
Gross Profit,112457000.0,97808000.0,92541000.0,87084000.0,32836000.0,73137000.0,71936000.0,0.0,68307000.0,73517000.0
R&D Expenses,0.0,0.0,0.0,0.0,0.0,0.0,0.0,0.0,0.0,0.0
SG&A Expense,14661000.0,13879000.0,14154000.0,16930000.0,15777000.0,5071000.0,29116000.0,0.0,8178000.0,6849000.0
Operating Expenses,14661000.0,66895000.0,65067000.0,76443000.0,70902000.0,63231000.0,78991000.0,0.0,22546000.0,27407000.0
Operating Income,68025000.0,53258000.0,50199000.0,34290000.0,28965000.0,39232000.0,23177000.0,0.0,45761000.0,46110000.0
Interest Expense,22345000.0,17769000.0,16561000.0,14493000.0,9806000.0,11667000.0,9931000.0,0.0,5050000.0,5091000.0
Earnings before Tax,0.0,0.0,0.0,0.0,0.0,0.0,13808000.0,0.0,51700000.0,47049000.0
Income Tax Expense,0.0,0.0,0.0,0.0,0.0,0.0,0.0,0.0,0.0,0.0
Net Income - Non-Controlling int,0.0,0.0,0.0,0.0,0.0,0.0,0.0,0.0,0.0,0.0
Net Income - Discontinued ops,0.0,0.0,0.0,0.0,0.0,0.0,0.0,0.0,-10833000.0,-5610000.0
Net Income,47706000.0,47186000.0,38411000.0,37410000.0,23418000.0,70011000.0,12447000.0,0.0,51700000.0,47049000.0
Preferred Dividends,0.0,0.0,0.0,0.0,0.0,0.0,0.0,0.0,0.0,0.0
Net Income Com,47706000.0,47186000.0,38411000.0,37410000.0,23418000.0,70011000.0,12447000.0,0.0,51700000.0,47049000.0
EPS,1.17,1.26,1.12,1.11,0.69,2.08,0.37,0.0,1.817,1.866
EPS Diluted,1.17,1.26,1.12,1.11,0.69,2.08,0.37,0.0,1.817,1.866
Weighted Average Shs Out,40171000.0,36897000.0,33806000.0,33420000.0,33409000.0,33397000.0,33395000.0,0.0,30323331.0,25081985.0
Weighted Average Shs Out (Dil),40191000.0,36897000.0,33806000.0,33420000.0,33409000.0,33397000.0,33395000.0,0.0,28306363.0,25081767.0
Dividend per Share,1.25657485507,1.06510014364,1.07173282849,1.05176540993,0.858301655243,0.731173458694,0.251654439287,0.0,1.91,1.89
Gross Margin,0.826245720247,0.814028779972,0.802847327052,0.786432228875,0.32879730041,0.713789367869,0.704095215723,0.0,0.8717,0.8734
EBITDA Margin,0.707940869616,0.633783592586,0.631495844395,0.501891938266,0.420479237386,0.494315021032,0.404099130843,0.0,0.848,0.75
EBIT Margin,0.499794277989,0.443251520977,0.435505699859,0.309663785863,0.290035747544,0.382889433259,0.226851851852,0.0,0.7242,0.6195
Profit Margin,0.350506223091,0.392715953826,0.333237901896,0.337839668392,0.234491874193,0.683280794043,0.121828752643,0.0,0.66,0.559
Free Cash Flow margin,0.465416660544,0.472247883948,0.319903527493,-1.53376139001,0.120149799233,-0.229312044348,0.114879414298,0.0,0.6679,-0.0331
EBITDA,96355000.0,76151000.0,72790000.0,55576000.0,41992000.0,50649000.0,41286000.0,0.0,66488000.0,63167000.0
EBIT,68025000.0,53258000.0,50199000.0,34290000.0,28965000.0,39232000.0,23177000.0,0.0,56750000.0,52140000.0
Consolidated Income,47706000.0,47186000.0,38411000.0,37410000.0,23418000.0,70011000.0,12447000.0,0.0,51700000.0,47049000.0
Earnings Before Tax Margin,0.0,0.0,0.0,0.0,0.0,0.0,0.135149949103,0.0,0.6598,0.559
Net Profit Margin,0.350506223091,0.392715953826,0.333237901896,0.337839668392,0.234491874193,0.683280794043,0.121828752643,0.0,0.6598,0.559
