Date,2018-12-31,2017-12-31,2016-12-31,2015-12-31,2014-12-31,2013-12-31,2012-12-31,2011-12-31,2010-12-31,2009-12-31
Revenue,2837411000.0,2695628000.0,2450580000.0,2317467000.0,2314879000.0,2155865000.0,1962353000.0,1650459000.0,1310093000.0,1183306000.0
Revenue Growth,0.052597391034668,0.0999959193333823,0.0574390056039633,0.00111798500051191,0.0737587928743219,0.0986122272598253,0.188974097508632,0.259802930020999,0.107146418593331,-0.0228
Cost of Revenue,1424326000.0,1106008000.0,1040948000.0,1076114000.0,1317350000.0,1295725000.0,1189126000.0,1086989000.0,679688000.0,584743000.0
Gross Profit,1413085000.0,1589620000.0,1409632000.0,1241353000.0,997529000.0,860140000.0,773227000.0,563470000.0,630405000.0,598563000.0
R&D Expenses,0.0,0.0,0.0,0.0,0.0,0.0,0.0,0.0,0.0,0.0
SG&A Expense,684719000.0,632997000.0,555534000.0,499506000.0,447446000.0,427438000.0,376574000.0,321241000.0,375764000.0,337918000.0
Operating Expenses,1098717000.0,1105848000.0,1014170000.0,815250000.0,752397000.0,726393000.0,643829000.0,543187000.0,539127000.0,491079000.0
Operating Income,314368000.0,483772000.0,395462000.0,426103000.0,245132000.0,133747000.0,129398000.0,20283000.0,91278000.0,107484000.0
Interest Expense,0.0,0.0,0.0,0.0,0.0,0.0,0.0,0.0,16835000.0,20653000.0
Earnings before Tax,301158000.0,410555000.0,379464000.0,295688000.0,113447000.0,0.0,0.0,-1082000.0,81989000.0,97196000.0
Income Tax Expense,67958000.0,46514000.0,144032000.0,113042000.0,44521000.0,34556000.0,32549000.0,1567000.0,-28266000.0,-19524000.0
Net Income - Non-Controlling int,0.0,0.0,0.0,0.0,0.0,0.0,0.0,0.0,0.0,0.0
Net Income - Discontinued ops,0.0,0.0,0.0,0.0,0.0,0.0,0.0,0.0,0.0,0.0
Net Income,233200000.0,364041000.0,235432000.0,182646000.0,68926000.0,51854000.0,53237000.0,-2649000.0,110255000.0,116720000.0
Preferred Dividends,0.0,0.0,0.0,0.0,0.0,0.0,0.0,0.0,0.0,0.0
Net Income Com,233200000.0,364041000.0,235432000.0,182646000.0,68926000.0,51854000.0,53237000.0,-2649000.0,110255000.0,116720000.0
EPS,4.63,6.86,4.4,3.38,1.29,1.0,0.0,0.0,2.15,2.26
EPS Diluted,4.62,6.82,4.36,2.98,1.1,0.98,0.0,0.0,2.1,2.22
Weighted Average Shs Out,50338000.0,53074000.0,53502000.0,54031000.0,53591000.0,52099000.0,0.0,0.0,49896137.0,51467919.0
Weighted Average Shs Out (Dil),50488000.0,53413000.0,53958000.0,61256000.0,62822000.0,53155000.0,0.0,0.0,51232000.0,51656000.0
Dividend per Share,0.478747425131,0.117218654635,0.0,0.0,0.0,0.0,0.0,0.0,0.0,0.0
Gross Margin,0.498019144918,0.58970303024,0.575223824564,0.535650777336,0.430920579434,0.398976744833,0.394030533752,0.341401997868,0.4812,0.5058
EBITDA Margin,0.161855649393,0.223639908771,0.208278856434,0.232839129964,0.152067559471,0.104357647626,0.11379502057,0.0584334418486,0.124,0.149
EBIT Margin,0.110793959705,0.179465415851,0.161374858197,0.183865832825,0.105894087769,0.0620386712526,0.0659402258411,0.0122893086105,0.0754,0.0996
Profit Margin,0.082187599893,0.135048678824,0.0960719503138,0.0788127727385,0.0297752063931,0.0240525264801,0.0271291658534,-0.00160500806139,0.084,0.099
Free Cash Flow margin,0.00765874242399,-0.00385067969319,0.0973443021652,0.154133802121,-0.0612554695083,-0.0459017610101,0.0103538965721,-0.0624911009604,0.0075,0.0814
EBITDA,459251000.0,602850000.0,510404000.0,539597000.0,352018000.0,224981000.0,223306000.0,96442000.0,162635000.0,176560000.0
EBIT,314368000.0,483772000.0,395462000.0,426103000.0,245132000.0,133747000.0,129398000.0,20283000.0,98824000.0,117849000.0
Consolidated Income,233200000.0,364041000.0,235432000.0,182646000.0,68926000.0,51854000.0,53237000.0,-2649000.0,110255000.0,116720000.0
Earnings Before Tax Margin,0.106138307069,0.152304027114,0.154846607742,0.127591029344,0.0490077451132,0.0,0.0,-0.000655575206655,0.0626,0.0821
Net Profit Margin,0.082187599893,0.135048678824,0.0960719503138,0.0788127727385,0.0297752063931,0.0240525264801,0.0271291658534,-0.00160500806139,0.0842,0.0986
