Date,2018-12-31,2017-12-31,2016-12-31,2015-12-31,2014-12-31,2013-12-31,2012-12-31,2011-12-31,2010-12-31,2009-12-31
Revenue,46677000000.0,47653000000.0,44747000000.0,43591000000.0,36918000000.0,34182000000.0,33013000000.0,29682000000.0,28035000000.0,26776000000.0
Revenue Growth,-0.0204813967641072,0.0649429012000804,0.0265192356220321,0.180751936724633,0.0800421274354924,0.0354102929149123,0.112222896031265,0.0587479935794543,0.0470197191514789,-0.0563
Cost of Revenue,3585000000.0,0.0,0.0,0.0,0.0,0.0,0.0,0.0,17445000000.0,16826000000.0
Gross Profit,43092000000.0,0.0,0.0,0.0,0.0,0.0,0.0,0.0,10590000000.0,9950000000.0
R&D Expenses,0.0,0.0,0.0,0.0,0.0,0.0,0.0,0.0,0.0,0.0
SG&A Expense,21425000000.0,20059000000.0,18897000000.0,18115000000.0,16641000000.0,15646000000.0,15089000000.0,228000000.0,0.0,0.0
Operating Expenses,37757000000.0,20059000000.0,18897000000.0,18115000000.0,16641000000.0,15646000000.0,15089000000.0,228000000.0,6548000000.0,6192000000.0
Operating Income,5335000000.0,4381000000.0,4810000000.0,3957000000.0,1875000000.0,1556000000.0,1605000000.0,2465000000.0,4042000000.0,3758000000.0
Interest Expense,1755000000.0,1690000000.0,1707000000.0,1665000000.0,1743000000.0,1848000000.0,1798000000.0,2037000000.0,2097000000.0,1987000000.0
Earnings before Tax,5335000000.0,4381000000.0,4810000000.0,3957000000.0,2307000000.0,2196000000.0,1989000000.0,2830000000.0,1865000000.0,1681000000.0
Income Tax Expense,946000000.0,1638000000.0,1378000000.0,1261000000.0,1108000000.0,950000000.0,888000000.0,719000000.0,658000000.0,627000000.0
Net Income - Non-Controlling int,0.0,0.0,0.0,0.0,0.0,0.0,0.0,0.0,366000000.0,321000000.0
Net Income - Discontinued ops,0.0,0.0,0.0,0.0,0.0,0.0,0.0,0.0,0.0,0.0
Net Income,3787000000.0,2216000000.0,2890000000.0,2129000000.0,1875000000.0,1556000000.0,1605000000.0,2842000000.0,1207000000.0,1054000000.0
Preferred Dividends,0.0,0.0,0.0,0.0,0.0,0.0,0.0,0.0,0.0,0.0
Net Income Com,3787000000.0,2216000000.0,2890000000.0,2129000000.0,1875000000.0,1556000000.0,1605000000.0,2842000000.0,1207000000.0,1054000000.0
EPS,10.9,6.12,7.53,5.14,4.3,3.5,3.65,5.17,2.83,2.48
EPS Diluted,10.66,5.95,7.3,4.99,4.16,3.37,3.49,4.97,2.76,2.44
Weighted Average Shs Out,347297000.0,362305000.0,383591000.0,414193000.0,435668000.0,445066000.0,440178000.0,476609000.0,,
Weighted Average Shs Out (Dil),355303000.0,372221000.0,395851000.0,426721000.0,450352000.0,461913000.0,459403000.0,495943000.0,426424000.0,425567000.0
Dividend per Share,1.37066109771,1.20358604163,1.09637211981,1.16000853016,0.0155433971649,0.0346385574773,6.85237144729,0.0625071832852,0.0,0.0
Gross Margin,0.923195578122,0.0,0.0,0.0,0.0,0.0,0.0,0.0,0.3777,0.3716
EBITDA Margin,0.163763738029,0.137305101463,0.152188973562,0.135257277878,0.101224335013,0.0984143701363,0.101354012056,0.134761808503,0.192,0.19
EBIT Margin,0.114296120145,0.0919354500241,0.10749323977,0.0907756188204,0.0507882333821,0.0455210344626,0.0486172114016,0.0830469644903,0.1413,0.137
Profit Margin,0.0811320350494,0.0465028434726,0.0645853353297,0.0488403569544,0.0507882333821,0.0455210344626,0.0486172114016,0.0957482649417,0.043,0.039
Free Cash Flow margin,0.0682991623283,0.0505949258179,0.0646523789304,0.0541166754605,0.0615417953302,0.0508162190627,0.0700633083937,0.0759382790917,0.0628,0.0534
EBITDA,7644000000.0,6543000000.0,6810000000.0,5896000000.0,3737000000.0,3364000000.0,3346000000.0,4000000000.0,5383000000.0,5093000000.0
EBIT,5335000000.0,4381000000.0,4810000000.0,3957000000.0,1875000000.0,1556000000.0,1605000000.0,2465000000.0,3962000000.0,3668000000.0
Consolidated Income,3787000000.0,2216000000.0,2890000000.0,2129000000.0,1875000000.0,1556000000.0,1605000000.0,2842000000.0,1573000000.0,1375000000.0
Earnings Before Tax Margin,0.114296120145,0.0919354500241,0.10749323977,0.0907756188204,0.0624898423533,0.0642443391259,0.060248992821,0.0953439795162,0.0665,0.0628
Net Profit Margin,0.0811320350494,0.0465028434726,0.0645853353297,0.0488403569544,0.0507882333821,0.0455210344626,0.0486172114016,0.0957482649417,0.0431,0.0394
