Date,2018-12-31,2017-12-31,2016-12-31,2015-12-31,2014-12-31,2013-12-31,2012-12-31,2011-12-31,2010-12-31,2009-12-31
Revenue,166525000.0,140380000.0,105481000.0,79722000.0,55810000.0,58634000.0,44322000.0,44322000.0,37273000.0,24167000.0
Revenue Growth,0.186244479270551,0.330855793934453,0.323110308321417,0.428453682135818,-0.0481631817716683,0.322909615992058,0,0.189118128403939,0.542309761244672,-0.2714
Cost of Revenue,173890000.0,102396000.0,74395000.0,61233000.0,49364000.0,44664000.0,35637000.0,35637000.0,29241000.0,20356000.0
Gross Profit,-7365000.0,37984000.0,31086000.0,18489000.0,6446000.0,-730000.0,8685000.0,8685000.0,8032000.0,3811000.0
R&D Expenses,0.0,0.0,0.0,0.0,0.0,0.0,0.0,0.0,0.0,0.0
SG&A Expense,32270000.0,21745000.0,12139000.0,10308000.0,7431000.0,7755000.0,6157000.0,6157000.0,5880000.0,5025000.0
Operating Expenses,35243000.0,22852000.0,12139000.0,10308000.0,7431000.0,7755000.0,6157000.0,6157000.0,5880000.0,5025000.0
Operating Income,-42608000.0,15132000.0,18947000.0,8181000.0,-985000.0,-8485000.0,2528000.0,2528000.0,2152000.0,-1214000.0
Interest Expense,14755000.0,3156000.0,1118000.0,776000.0,641000.0,933000.0,881000.0,881000.0,1102000.0,1401000.0
Earnings before Tax,-57363000.0,12004000.0,17265000.0,7707000.0,1330000000.0,2154000.0,0.0,0.0,1064000.0,-2614000.0
Income Tax Expense,-1704000.0,847000.0,6628000.0,2944000.0,-906000.0,-3576000.0,634000.0,634000.0,363000.0,-119000.0
Net Income - Non-Controlling int,0.0,0.0,0.0,0.0,0.0,0.0,0.0,0.0,0.0,0.0
Net Income - Discontinued ops,0.0,0.0,0.0,0.0,0.0,0.0,0.0,0.0,0.0,0.0
Net Income,-55659000.0,11157000.0,10637000.0,4763000.0,-720000.0,-5842000.0,1034000.0,1034000.0,701000.0,-2495000.0
Preferred Dividends,0.0,0.0,0.0,0.0,0.0,0.0,0.0,0.0,0.0,0.0
Net Income Com,-55659000.0,11157000.0,10637000.0,4763000.0,-720000.0,-5842000.0,1034000.0,1034000.0,701000.0,-2495000.0
EPS,-1.31,0.27,0.31,0.15,-0.02,-0.24,0.04,0.04,0.03,-0.12
EPS Diluted,-1.31,0.26,0.3,0.14,-0.02,-0.24,0.04,0.04,0.03,-0.12
Weighted Average Shs Out,42484972.0,41764230.0,34104476.0,32546840.0,29122746.0,24826101.0,23780814.0,23780814.0,23780606.0,20931706.0
Weighted Average Shs Out (Dil),42484972.0,42766843.0,35416910.0,33936099.0,29122746.0,24826101.0,24803047.0,24803047.0,22373773.0,20054000.0
Dividend per Share,0.0,0.0,0.0,0.0,0.0,0.0,0.0,0.0,0.0,0.0
Gross Margin,-0.0442275934544,0.27057985468,0.294707103649,0.231918416497,0.115499014514,-0.0124501142682,0.195952348721,0.195952348721,0.2155,0.1577
EBITDA Margin,-0.206677676025,0.133416441088,0.202178591405,0.129550186899,0.0018993012005,-0.129310638878,0.0683859031632,0.0683859031632,0.073,-0.029
EBIT Margin,-0.255865485663,0.107793132925,0.179624766546,0.102619101377,-0.017649166816,-0.144711259679,0.0570371373133,0.0570371373133,0.0581,-0.0502
Profit Margin,-0.334238102387,0.0794771334948,0.100842805813,0.0597451142721,-0.0129009138147,-0.0996350240475,0.0233292721448,0.0233292721448,0.019,-0.103
Free Cash Flow margin,0.211613871791,0.1235503633,0.072193096387,-0.142896565565,0.017649166816,-0.118821843981,-0.00654302603673,-0.00654302603673,0.068,0.1229
EBITDA,-34417000.0,18729000.0,21326000.0,10328000.0,106000.0,-7582000.0,3031000.0,3031000.0,2706000.0,-689000.0
EBIT,-42608000.0,15132000.0,18947000.0,8181000.0,-985000.0,-8485000.0,2528000.0,2528000.0,2166000.0,-1213000.0
Consolidated Income,-55659000.0,11157000.0,10637000.0,4763000.0,-720000.0,-5842000.0,1034000.0,1034000.0,701000.0,-2495000.0
Earnings Before Tax Margin,-0.34447080018,0.085510756518,0.163678766792,0.0966734402047,23.8308546855,0.0367363645666,0.0,0.0,0.0285,-0.1082
Net Profit Margin,-0.334238102387,0.0794771334948,0.100842805813,0.0597451142721,-0.0129009138147,-0.0996350240475,0.0233292721448,0.0233292721448,0.0188,-0.1032
