Date,2018-12-31,2017-12-31,2016-12-31,2015-12-31,2014-12-31,2013-09-30,2012-09-30,2011-09-30,2010-09-30,2009-09-30
Revenue,287437000.0,149135000.0,173978000.0,162747000.0,186176000.0,562902.0,0.0,79167.0,607037.0,607106.0
Revenue Growth,0.927361115767593,-0.142793916472198,0.0690089525459763,-0.125843288071502,329.743184426419,0.0,-1,-0.869584555801376,-0.00011365395828735,-0.1833
Cost of Revenue,178738000.0,98132000.0,131368000.0,122056000.0,135509000.0,292329.0,0.0,35524.0,505576.0,638763.0
Gross Profit,108699000.0,51003000.0,42610000.0,40691000.0,50667000.0,270573.0,0.0,43643.0,101461.0,-31657.0
R&D Expenses,5611000.0,5587000.0,8259000.0,11556000.0,9400000.0,2056364.0,0.0,619378.0,229400.0,68486.0
SG&A Expense,49047000.0,40085000.0,48152000.0,53313000.0,50601000.0,4602344.0,0.0,572325.0,446857.0,839971.0
Operating Expenses,54658000.0,46205000.0,120311000.0,115090000.0,64492000.0,7938981.0,0.0,1220319.0,1023162.0,954769.0
Operating Income,54041000.0,4798000.0,-77701000.0,-74399000.0,-13825000.0,-7668408.0,0.0,-1176676.0,-921701.0,-986426.0
Interest Expense,5335000.0,7916000.0,7447000.0,5099000.0,7209000.0,4559.0,0.0,0.0,1477.0,0.0
Earnings before Tax,40927000.0,-2655000.0,-87569000.0,-80514000.0,-21758000.0,0.0,0.0,0.0,-923197.0,-986426.0
Income Tax Expense,1737000.0,593000.0,-387000.0,2393000.0,-6272000.0,0.0,0.0,0.0,0.0,0.0
Net Income - Non-Controlling int,0.0,0.0,0.0,0.0,0.0,0.0,0.0,0.0,0.0,0.0
Net Income - Discontinued ops,0.0,0.0,0.0,0.0,0.0,0.0,0.0,0.0,0.0,0.0
Net Income,39190000.0,-3248000.0,-87182000.0,-82907000.0,-15486000.0,-7670424.0,0.0,-1484458.0,-923197.0,-986426.0
Preferred Dividends,0.0,0.0,0.0,0.0,0.0,0.0,0.0,0.0,0.0,0.0
Net Income Com,39190000.0,-3248000.0,-87182000.0,-82907000.0,-15486000.0,-7670424.0,0.0,-1484458.0,-923197.0,-986426.0
EPS,2.9,-0.07,-1.79,-1.96,-0.39,-1.16,0.0,-0.09,-1.2,-1.2
EPS Diluted,2.74,-0.07,-1.79,-1.96,-0.39,-1.16,0.0,-0.09,-1.2,-1.2
Weighted Average Shs Out,13512000.0,49343000.0,48592000.0,42269000.0,39665000.0,6587337.0,0.0,16968005.0,765303.0,
Weighted Average Shs Out (Dil),14289000.0,49343000.0,48592000.0,42269000.0,39665000.0,6587337.0,0.0,16968005.0,765303.0,
Dividend per Share,0.0,0.0,0.0,0.0,0.0,0.0,0.0,0.0,0.0,0.0
Gross Margin,0.378166346017,0.341992154759,0.244916023865,0.250026114153,0.272145711585,0.480675144164,0.0,0.551277678831,0.1671,-0.0521
EBITDA Margin,0.206580920341,0.0725047775505,-0.386054558622,-0.406293203561,-0.0233005328292,-13.1670130858,0.0,-10.7076938623,-1.4,-1.51
EBIT Margin,0.188009894342,0.0321721929795,-0.446613939694,-0.457145139388,-0.0742576916466,-13.6229894369,0.0,-14.8632132075,-1.5184,-1.6248
Profit Margin,0.136342920362,-0.0217789251349,-0.501109335663,-0.509422600724,-0.0831793571674,-13.6265708773,0.0,-18.7509694696,-1.521,-1.625
Free Cash Flow margin,0.129315293438,-0.00665839675462,-0.0290783892216,-0.134109998955,-0.0986700756274,-8.8873835943,0.0,-14.3125292104,0.4107,0.2587
EBITDA,59379000.0,10813000.0,-67165000.0,-66123000.0,-4338000.0,-7411738.0,0.0,-847696.0,-849727.0,-916806.0
EBIT,54041000.0,4798000.0,-77701000.0,-74399000.0,-13825000.0,-7668408.0,0.0,-1176676.0,-921720.0,-986426.0
Consolidated Income,39190000.0,-3248000.0,-87182000.0,-82907000.0,-15486000.0,-7670424.0,0.0,-1484458.0,-923197.0,-986426.0
Earnings Before Tax Margin,0.142385983711,-0.0178026620176,-0.503333754843,-0.49471879666,-0.116867909935,0.0,0.0,0.0,-1.5208,-1.6248
Net Profit Margin,0.136342920362,-0.0217789251349,-0.501109335663,-0.509422600724,-0.0831793571674,-13.6265708773,0.0,-18.7509694696,-1.5208,-1.6248
