Date,2019-02-28,2018-02-28,2017-02-28,2016-02-29,2015-02-28,2014-02-28,2013-02-28,2012-02-29,2011-02-28,2010-02-28
Revenue,1564151000.0,1489747000.0,1537219000.0,1545701000.0,1445131000.0,1317153000.0,1288263000.0,1181676000.0,777043000.0,647626000.0
Revenue Growth,0.0499440509026029,-0.0308817416386344,-0.00548747784985583,0.0695923068566102,0.0971625923488008,0.0224255450944411,0.0901998517360088,0.520734373773395,0.199832928264152,0.04
Cost of Revenue,923045000.0,867646000.0,861751000.0,909696000.0,845572000.0,800450000.0,770052000.0,703192000.0,427797000.0,368470000.0
Gross Profit,641106000.0,622101000.0,675468000.0,636005000.0,599559000.0,516703000.0,518211000.0,478484000.0,349246000.0,279156000.0
R&D Expenses,13000000.0,13500000.0,9700000.0,5110000.0,0.0,0.0,0.0,0.0,0.0,0.0
SG&A Expense,438141000.0,435735000.0,498736000.0,499390000.0,428840000.0,387554000.0,369438000.0,339098000.0,235341000.0,188887000.0
Operating Expenses,451141000.0,449235000.0,508436000.0,504500000.0,428840000.0,387554000.0,369438000.0,339098000.0,237502000.0,189787000.0
Operating Income,199379000.0,169062000.0,164332000.0,130615000.0,161719000.0,117100000.0,148773000.0,139386000.0,111744000.0,89369000.0
Interest Expense,11719000.0,13951000.0,14857000.0,11096000.0,15022000.0,10193000.0,13345000.0,12917000.0,9693000.0,10310000.0
Earnings before Tax,188000000.0,155438000.0,149889000.0,119818000.0,147214000.0,38147000.0,50834000.0,126092000.0,102628000.0,80105000.0
Income Tax Expense,13776000.0,26556000.0,9200000.0,18590000.0,16050000.0,20886000.0,19848000.0,15718000.0,9323000.0,8288000.0
Net Income - Non-Controlling int,0.0,0.0,0.0,0.0,0.0,0.0,0.0,0.0,0.0,0.0
Net Income - Discontinued ops,0.0,0.0,0.0,0.0,0.0,0.0,0.0,0.0,0.0,0.0
Net Income,168545000.0,44446000.0,140689000.0,101228000.0,131164000.0,86248000.0,115666000.0,110374000.0,93305000.0,71817000.0
Preferred Dividends,0.0,0.0,0.0,0.0,0.0,0.0,0.0,0.0,0.0,0.0
Net Income Com,168545000.0,44446000.0,140689000.0,101228000.0,131164000.0,86248000.0,115666000.0,110374000.0,93305000.0,71817000.0
EPS,6.46,1.64,5.11,3.58,4.59,2.69,3.64,3.52,3.04,2.38
EPS Diluted,6.41,1.63,5.04,3.52,4.52,2.66,3.62,3.48,2.98,2.32
Weighted Average Shs Out,26073000.0,27077000.0,27522000.0,28273000.0,28579000.0,32007000.0,31754000.0,31340000.0,30714023.0,30530958.0
Weighted Average Shs Out (Dil),26303000.0,27254000.0,27891000.0,28749000.0,29035000.0,32386000.0,31936000.0,31705000.0,30669000.0,30217000.0
Dividend per Share,0.0,0.0,0.0,0.0,0.0,0.0,0.0,0.0,0.0,0.0
Gross Margin,0.409874749944,0.417588355607,0.439409088751,0.411467030169,0.414882111034,0.39228776004,0.402255595325,0.404919791889,0.4495,0.431
EBITDA Margin,0.147249849919,0.136720530399,0.13652771661,0.112907994496,0.140622545638,0.115286530874,0.142906378589,0.143494494261,0.168,0.163
EBIT Margin,0.127467872347,0.11348369891,0.106902139513,0.0845021126337,0.111906117854,0.0889038706969,0.115483406727,0.117956191037,0.1445,0.1396
Profit Margin,0.107754941818,0.0298345960757,0.0915217675556,0.0654900268551,0.0907627059415,0.0654806237392,0.0897844617132,0.0934046219099,0.12,0.111
Free Cash Flow margin,0.107993409843,0.141367628195,0.135232520545,0.106526423933,0.119077094049,0.0863240640989,0.0565645368997,0.0743257881179,0.1067,0.223
EBITDA,230321000.0,203679000.0,209873000.0,174522000.0,203218000.0,151850000.0,184101000.0,169564000.0,130823000.0,105676000.0
EBIT,199379000.0,169062000.0,164332000.0,130615000.0,161719000.0,117100000.0,148773000.0,139386000.0,112321000.0,90415000.0
Consolidated Income,168545000.0,44446000.0,140689000.0,101228000.0,131164000.0,86248000.0,115666000.0,110374000.0,93305000.0,71817000.0
Earnings Before Tax Margin,0.120192999269,0.10433852191,0.0975066012065,0.0775169324468,0.101868965512,0.0289617075617,0.0394593340025,0.10670606833,0.1321,0.1237
Net Profit Margin,0.107754941818,0.0298345960757,0.0915217675556,0.0654900268551,0.0907627059415,0.0654806237392,0.0897844617132,0.0934046219099,0.1201,0.1109
