Date,2018-12-31,2017-12-31,2016-12-31,2015-12-31,2014-12-31,2013-12-31,2012-12-31,2011-12-31,2010-12-31,2009-12-31
Revenue,506220000.0,454362000.0,402043000.0,358875000.0,332545000.0,305182000.0,292560000.0,213549000.0,182137000.0,146561000.0
Revenue Growth,0.11413366434693,0.13013284648657,0.120287008011146,0.0791772542061977,0.0896612513188851,0.0431432868471425,0.369990025708385,0.172463585103521,0.242738518432598,0.3468
Cost of Revenue,146430000.0,137605000.0,123986000.0,103308000.0,104801000.0,99444000.0,89242000.0,62202000.0,54946000.0,44003000.0
Gross Profit,359790000.0,316757000.0,278057000.0,255567000.0,227744000.0,205738000.0,203318000.0,151347000.0,127191000.0,102558000.0
R&D Expenses,0.0,0.0,0.0,0.0,0.0,0.0,0.0,0.0,0.0,0.0
SG&A Expense,11040000.0,14323000.0,12532000.0,12556000.0,10824000.0,11749000.0,7594000.0,6576000.0,7719000.0,7586000.0
Operating Expenses,255962000.0,231206000.0,206946000.0,178716000.0,177791000.0,176616000.0,154297000.0,101928000.0,39082000.0,34300000.0
Operating Income,250258000.0,223156000.0,195097000.0,180159000.0,154754000.0,128566000.0,138263000.0,111621000.0,88109000.0,68258000.0
Interest Expense,71899000.0,58448000.0,52552000.0,37418000.0,36101000.0,47010000.0,47182000.0,35959000.0,33994000.0,21501000.0
Earnings before Tax,186413000.0,202160000.0,157875000.0,148556000.0,114048000.0,86414000.0,91476000.0,78231000.0,56619000.0,66034000.0
Income Tax Expense,0.0,0.0,0.0,0.0,0.0,0.0,0.0,0.0,296000.0,20000.0
Net Income - Non-Controlling int,0.0,0.0,0.0,0.0,0.0,0.0,0.0,0.0,-94000.0,0.0
Net Income - Discontinued ops,0.0,0.0,0.0,0.0,0.0,0.0,0.0,0.0,0.0,-19780000.0
Net Income,178847000.0,195040000.0,158241000.0,137208000.0,105525000.0,79449000.0,94152000.0,77997000.0,56323000.0,66014000.0
Preferred Dividends,0.0,-35047000.0,-57173000.0,-42337000.0,-34667000.0,-27523000.0,-22450000.0,16769000.0,12084000.0,7947000.0
Net Income Com,178847000.0,195040000.0,158241000.0,137208000.0,105525000.0,79449000.0,94152000.0,77997000.0,44239000.0,58067000.0
EPS,1.7,2.28,1.69,1.6,1.2,0.88,1.29,2.68,1.0,1.59
EPS Diluted,1.7,2.28,1.69,1.6,1.2,0.88,1.29,2.68,1.0,1.59
Weighted Average Shs Out,105042000.0,70291000.0,59872000.0,0.0,0.0,0.0,0.0,0.0,44157018.0,35164800.0
Weighted Average Shs Out (Dil),105042000.0,70291000.0,59872000.0,0.0,0.0,0.0,0.0,0.0,44157000.0,36536000.0
Dividend per Share,0.0,0.0,0.0,0.0,0.0,0.0,0.0,0.0,1.64,1.56
Gross Margin,0.710738414128,0.697146768436,0.691610101407,0.712133751306,0.68485167421,0.674148540871,0.694961717255,0.708722588258,0.6983,0.6998
EBITDA Margin,0.69493698392,0.67236476642,0.668515556794,0.682518982933,0.657775639387,0.645382099862,0.694831829368,0.677928718936,0.675,0.786
EBIT Margin,0.494366085892,0.491141424679,0.485264014048,0.502010449321,0.465362582508,0.421276484196,0.472597074104,0.522695025498,0.4975,0.5973
Profit Margin,0.353298960926,0.42926124984,0.393592227697,0.382328108673,0.317325474748,0.260333178235,0.321821164889,0.365241700968,0.243,0.396
Free Cash Flow margin,0.0340030026471,0.524883242877,-0.185930360683,0.4764723093,0.561247349983,0.59990431939,0.551719305442,0.436054488665,-0.0098,0.2401
EBITDA,351791000.0,305497000.0,268772000.0,244939000.0,218740000.0,196959000.0,203280000.0,144771000.0,122984000.0,115132000.0
EBIT,250258000.0,223156000.0,195097000.0,180159000.0,154754000.0,128566000.0,138263000.0,111621000.0,90613000.0,87535000.0
Consolidated Income,178847000.0,195040000.0,158241000.0,137208000.0,105525000.0,79449000.0,94152000.0,77997000.0,56229000.0,66014000.0
Earnings Before Tax Margin,0.368245031804,0.444931574383,0.392681877312,0.413949146639,0.342955088785,0.283155625168,0.312674323216,0.366337468216,0.3109,0.4506
Net Profit Margin,0.353298960926,0.42926124984,0.393592227697,0.382328108673,0.317325474748,0.260333178235,0.321821164889,0.365241700968,0.3092,0.4504
