Date,2018-12-31,2017-12-31,2016-12-31,2015-12-31,2014-12-31,2013-12-31,2012-12-31,2011-12-31,2010-12-31,2009-12-31
Revenue,284628000.0,383906000.0,404412000.0,495301000.0,553676000.0,559609000.0,767709000.0,850765000.0,820720000.0,860143000.0
Revenue Growth,-0.258599761399926,-0.050705715953038,-0.183502557030977,-0.105431696515652,-0.0106020453566687,-0.271066250363093,-0.0976250786057254,0.0366081002046983,-0.0458330765930781,-0.2056
Cost of Revenue,148356000.0,199317000.0,216405000.0,426796000.0,236338000.0,235024000.0,524865000.0,416984000.0,299228000.0,312230000.0
Gross Profit,136272000.0,184589000.0,188007000.0,68505000.0,317338000.0,324585000.0,242844000.0,433781000.0,521492000.0,547913000.0
R&D Expenses,0.0,0.0,0.0,0.0,0.0,0.0,0.0,0.0,0.0,0.0
SG&A Expense,163857000.0,230280000.0,247241000.0,260839000.0,279135000.0,281924000.0,332784000.0,360836000.0,406513000.0,428556000.0
Operating Expenses,162306000.0,225454000.0,243787000.0,256080000.0,276576000.0,281924000.0,332784000.0,358375000.0,428246000.0,465483000.0
Operating Income,-26034000.0,-40865000.0,-55780000.0,-187575000.0,40762000.0,42661000.0,-89940000.0,75406000.0,93246000.0,82430000.0
Interest Expense,0.0,0.0,0.0,0.0,2834000.0,2998000.0,3574000.0,3184000.0,2824000.0,8150000.0
Earnings before Tax,-562000.0,-51754000.0,-69148000.0,-202842000.0,37306000.0,39617000.0,-96286000.0,73973000.0,86896000.0,71942000.0
Income Tax Expense,-18112000.0,-9894000.0,20630000.0,-31914000.0,13315000.0,15176000.0,-23182000.0,29775000.0,33292000.0,24227000.0
Net Income - Non-Controlling int,0.0,0.0,0.0,0.0,0.0,0.0,0.0,0.0,0.0,0.0
Net Income - Discontinued ops,0.0,0.0,0.0,0.0,0.0,0.0,0.0,0.0,1590000.0,0.0
Net Income,17550000.0,-41860000.0,-130937000.0,-170928000.0,23991000.0,13370000.0,-83353000.0,44198000.0,53604000.0,47715000.0
Preferred Dividends,457000.0,0.0,0.0,0.0,0.0,0.0,0.0,0.0,0.0,0.0
Net Income Com,17550000.0,-41860000.0,-130937000.0,-170928000.0,23991000.0,13370000.0,-83353000.0,44198000.0,53604000.0,47715000.0
EPS,2.39,-6.76,-2.13,-2.77,0.38,0.21,-1.33,0.7,8.4,7.5
EPS Diluted,2.38,-6.76,-2.13,-2.77,0.38,0.21,-1.33,0.7,8.4,7.5
Weighted Average Shs Out,6237000.0,6192000.0,61487000.0,61643000.0,62444000.0,62503000.0,62887000.0,63173000.0,6362559.0,6357324.0
Weighted Average Shs Out (Dil),6270000.0,6192000.0,61487000.0,61643000.0,62658000.0,62812000.0,62887000.0,63552000.0,6361600.0,6355700.0
Dividend per Share,0.0,0.0,0.0859531283035,0.344580893208,0.342893166076,0.256654779342,0.428721357355,0.320524924471,3.15,3.05
Gross Margin,0.478772292255,0.480818221127,0.464889765882,0.138309835837,0.573147472529,0.580021050412,0.316322981755,0.509871703702,0.6354,0.637
EBITDA Margin,-0.0652852143851,-0.0790844633843,-0.106871210548,-0.349946800027,0.10056784112,0.104355005012,-0.0905538426669,0.113567201284,0.136,0.128
EBIT Margin,-0.0914667566086,-0.106445327763,-0.137928647023,-0.378709108199,0.0736206734625,0.0762335845206,-0.117153765294,0.0886331713223,0.1093,0.0931
Profit Margin,0.0616594291496,-0.109037108042,-0.323771302533,-0.345099242683,0.0433303953937,0.0238916815133,-0.108573691334,0.0519508912567,0.065,0.055
Free Cash Flow margin,-0.0470333206852,-0.0950336801196,0.0195320613632,0.039105513617,0.0258201547475,0.0780884510435,0.0813680704538,0.0465827813791,0.096,0.1223
EBITDA,-18582000.0,-30361000.0,-43220000.0,-173329000.0,55682000.0,58398000.0,-69519000.0,96619000.0,111453000.0,110069000.0
EBIT,-26034000.0,-40865000.0,-55780000.0,-187575000.0,40762000.0,42661000.0,-89940000.0,75406000.0,89720000.0,80092000.0
Consolidated Income,17550000.0,-41860000.0,-130937000.0,-170928000.0,23991000.0,13370000.0,-83353000.0,44198000.0,53604000.0,47715000.0
Earnings Before Tax Margin,-0.0019745070759,-0.134809041797,-0.170984045973,-0.409532789152,0.0673787558066,0.0707940722898,-0.125419918224,0.0869488048991,0.1059,0.0836
Net Profit Margin,0.0616594291496,-0.109037108042,-0.323771302533,-0.345099242683,0.0433303953937,0.0238916815133,-0.108573691334,0.0519508912567,0.0653,0.0555
