Date,2018-12-31,2017-12-31,2016-12-31,2015-12-31,2014-12-31,2013-12-31,2012-12-31,2011-12-31,2010-12-31,2009-12-31
Revenue,723605000.0,685167000.0,802917000.0,691789000.0,840542000.0,770739000.0,737255000.0,633021000.0,642692000.0,692381000.0
Revenue Growth,0.0561001916321131,-0.146652767347061,0.160638576213267,-0.176972715224224,0.0905663266034287,0.0454171216200636,0.164661203972696,-0.0150476433501584,-0.0717654008414442,-0.1686
Cost of Revenue,554690000.0,518142000.0,608605000.0,528651000.0,634660000.0,578886000.0,566700000.0,507449000.0,507647000.0,550556000.0
Gross Profit,168915000.0,167025000.0,194312000.0,163138000.0,205882000.0,191853000.0,170555000.0,125572000.0,135045000.0,141825000.0
R&D Expenses,123037000.0,117662000.0,95820000.0,94422000.0,91839000.0,80368000.0,70913000.0,79042000.0,76426000.0,71364000.0
SG&A Expense,42203000.0,40849000.0,38637000.0,37734000.0,40764000.0,36969000.0,32582000.0,31463000.0,32049000.0,26706000.0
Operating Expenses,165530000.0,158666000.0,135077000.0,132466000.0,133157000.0,117510000.0,103495000.0,108964000.0,99687000.0,98288000.0
Operating Income,3385000.0,8359000.0,59235000.0,30672000.0,72725000.0,74343000.0,67060000.0,16608000.0,35358000.0,43537000.0
Interest Expense,1232000.0,878000.0,633000.0,514000.0,518000.0,401000.0,352000.0,455000.0,182000.0,3000.0
Earnings before Tax,9563000.0,32234000.0,61583000.0,36600000.0,88189000.0,80952000.0,67344000.0,18007000.0,39434000.0,47565000.0
Income Tax Expense,994000.0,4554000.0,10671000.0,11405000.0,21591000.0,19476000.0,15748000.0,7301000.0,6228000.0,7915000.0
Net Income - Non-Controlling int,-2543000.0,-2142000.0,-2165000.0,-3733000.0,-2695000.0,-5552000.0,-1458000.0,-1199000.0,-4140000.0,-3840000.0
Net Income - Discontinued ops,0.0,0.0,0.0,0.0,0.0,0.0,0.0,0.0,0.0,0.0
Net Income,8569000.0,27680000.0,50912000.0,25195000.0,66598000.0,61476000.0,51596000.0,10706000.0,33206000.0,39650000.0
Preferred Dividends,0.0,0.0,0.0,0.0,0.0,0.0,0.0,0.0,0.0,0.0
Net Income Com,8569000.0,27680000.0,50912000.0,25195000.0,66598000.0,61476000.0,51596000.0,10706000.0,33206000.0,39650000.0
EPS,0.04,0.16,0.3,0.14,0.38,0.36,0.3,0.06,0.18,0.22
EPS Diluted,0.04,0.16,0.3,0.14,0.38,0.36,0.3,0.06,0.18,0.22
Weighted Average Shs Out,344207492.0,344007418.0,343815424.0,342425144.0,341049418.0,339149508.0,349279556.0,353842764.0,358012184.0,380239188.0
Weighted Average Shs Out (Dil),344207492.0,344007418.0,343815424.0,342425144.0,341049418.0,339149508.0,349279556.0,353842764.0,358012184.0,380239188.0
Dividend per Share,0.1,0.24,0.13,0.3,0.27,0.25,0.063,0.12,0.24,0.28
Gross Margin,0.2334,0.2438,0.242,0.2358,0.2449,0.2489,0.2313,0.1984,0.2101,0.2048
EBITDA Margin,0.043,0.073,0.095,0.074,0.123,0.124,0.11,0.049,0.083,0.089
EBIT Margin,0.0149,0.0483,0.0775,0.0536,0.1055,0.1056,0.0918,0.0292,0.0616,0.0687
Profit Margin,0.012,0.04,0.063,0.036,0.079,0.08,0.07,0.017,0.052,0.057
Free Cash Flow margin,-0.06,0.004,0.0956,0.0181,0.0985,0.0424,0.0619,0.0389,0.0785,0.0911
EBITDA,31122000.0,49792000.0,75972000.0,51278000.0,103299000.0,95662000.0,80995000.0,31257000.0,53242000.0,61363000.0
EBIT,10795000.0,33112000.0,62216000.0,37114000.0,88707000.0,81353000.0,67696000.0,18462000.0,39616000.0,47568000.0
Consolidated Income,6026000.0,25538000.0,48747000.0,21462000.0,63903000.0,55924000.0,50138000.0,9507000.0,29066000.0,35810000.0
Earnings Before Tax Margin,0.0132,0.047,0.0767,0.0529,0.1049,0.105,0.0913,0.0284,0.0614,0.0687
Net Profit Margin,0.0118,0.0404,0.0634,0.0364,0.0792,0.0798,0.07,0.0169,0.0517,0.0573
