Date,2018-12-31,2017-12-31,2016-12-31,2015-12-31,2014-12-31,2013-12-31,2012-12-31,2011-12-31,2010-12-31,2009-12-31
Revenue,4891800000.0,4427700000.0,4488400000.0,4469000000.0,4958600000.0,4825308000.0,4072330000.0,0.0,0.0,2324577000.0
Revenue Growth,0.104817399552815,-0.0135237501113983,0.00434101588722309,-0.0987375468882346,0.0276235216487735,0.184901027176088,0.0,0.0,-1,-0.0147
Cost of Revenue,919300000.0,848600000.0,854600000.0,856000000.0,982900000.0,963423000.0,812583000.0,0.0,0.0,493134000.0
Gross Profit,3972500000.0,3579100000.0,3633800000.0,3613000000.0,3975700000.0,3861885000.0,3259747000.0,0.0,0.0,1831443000.0
R&D Expenses,0.0,0.0,0.0,0.0,0.0,0.0,0.0,0.0,0.0,0.0
SG&A Expense,1955200000.0,1758600000.0,1966900000.0,1778000000.0,1991100000.0,1629052000.0,1259667000.0,0.0,0.0,773911000.0
Operating Expenses,1955200000.0,1758600000.0,1966900000.0,1778000000.0,1991100000.0,1629052000.0,1259667000.0,0.0,0.0,1535412000.0
Operating Income,683100000.0,617100000.0,458100000.0,583600000.0,513500000.0,735277000.0,661447000.0,0.0,0.0,296031000.0
Interest Expense,181000000.0,160800000.0,99300000.0,100500000.0,0.0,26552000.0,16736000.0,0.0,0.0,9613000.0
Earnings before Tax,464200000.0,471200000.0,364700000.0,486400000.0,421300000.0,155600000.0,650906000.0,0.0,0.0,290928000.0
Income Tax Expense,167600000.0,257300000.0,104700000.0,147300000.0,112600000.0,189192000.0,186944000.0,0.0,0.0,87582000.0
Net Income - Non-Controlling int,0.0,0.0,0.0,0.0,0.0,0.0,0.0,0.0,0.0,0.0
Net Income - Discontinued ops,0.0,0.0,0.0,0.0,0.0,0.0,0.0,0.0,0.0,0.0
Net Income,296600000.0,213900000.0,260000000.0,339100000.0,308700000.0,527525000.0,463962000.0,0.0,0.0,203346000.0
Preferred Dividends,0.0,0.0,0.0,0.0,0.0,0.0,0.0,0.0,0.0,0.0
Net Income Com,296600000.0,213900000.0,260000000.0,339100000.0,308700000.0,527525000.0,463962000.0,0.0,0.0,203346000.0
EPS,2.12,2.7,3.13,4.11,3.58,5.14,4.13,0.0,0.0,0.83
EPS Diluted,1.98,2.58,3.02,3.97,3.4,4.91,3.94,0.0,0.0,0.805
Weighted Average Shs Out,140200000.0,79200000.0,83000000.0,82600000.0,86300000.0,102620000.0,112359000.0,0.0,0.0,243615524.0
Weighted Average Shs Out (Dil),149500000.0,82900000.0,86100000.0,85300000.0,90800000.0,107445000.0,117856000.0,0.0,0.0,244884000.0
Dividend per Share,0.0,0.0,0.0,0.0,0.334801762115,1.14528363349,1.1462377817,0.0,0.0,0.2
Gross Margin,0.812073265465,0.808342931996,0.809598075038,0.808458268069,0.801778727867,0.800339584541,0.800462388854,0.0,0.0,0.7879
EBITDA Margin,0.173208226011,0.175508729137,0.136373763479,0.165092861938,0.13112572097,0.17047512822,0.181131686283,0.0,0.0,0.156
EBIT Margin,0.139641849626,0.139372586219,0.102063095981,0.130588498546,0.103557455733,0.152379288535,0.162424705267,0.0,0.0,0.1293
Profit Margin,0.0606320781716,0.0483095060641,0.0579271009714,0.0758782725442,0.0622554753358,0.109324627568,0.113930354367,0.0,0.0,0.087
Free Cash Flow margin,0.115376752933,0.111863947422,0.0498841457981,0.123002908928,0.0681039002944,0.129715450288,0.109583457136,0.0,0.0,0.097
EBITDA,847300000.0,777100000.0,612100000.0,737800000.0,650200000.0,822595000.0,737628000.0,0.0,0.0,362978000.0
EBIT,683100000.0,617100000.0,458100000.0,583600000.0,513500000.0,735277000.0,661447000.0,0.0,0.0,300541000.0
Consolidated Income,296600000.0,213900000.0,260000000.0,339100000.0,308700000.0,527525000.0,463962000.0,0.0,0.0,203346000.0
Earnings Before Tax Margin,0.0948934952369,0.106420940895,0.0812538989395,0.108838666368,0.0849634977615,0.0322466462244,0.159836260814,0.0,0.0,0.1252
Net Profit Margin,0.0606320781716,0.0483095060641,0.0579271009714,0.0758782725442,0.0622554753358,0.109324627568,0.113930354367,0.0,0.0,0.0875
