Date,2018-12-31,2017-12-31,2016-12-31,2015-12-31,2014-12-31,2013-12-31,2012-12-31,2011-12-31,2010-12-31,2009-12-31
Revenue,450389000.0,424499000.0,411630000.0,388471000.0,370855000.0,336926000.0,316350000.0,296649000.0,258394000.0,242801000.0
Revenue Growth,0.0609895429671212,0.0312635133493672,0.0596157756949682,0.0475010448827709,0.100701637748348,0.0650418839892524,0.0664118200297321,0.148049103307352,0.0642213170456464,0.1764
Cost of Revenue,170506000.0,157233000.0,146458000.0,140195000.0,134057000.0,125565000.0,117683000.0,115415000.0,101355000.0,92100000.0
Gross Profit,279883000.0,267266000.0,265172000.0,248276000.0,236798000.0,211361000.0,198667000.0,181234000.0,157039000.0,150701000.0
R&D Expenses,0.0,0.0,0.0,0.0,0.0,0.0,0.0,0.0,0.0,0.0
SG&A Expense,34511000.0,32992000.0,35805000.0,26925000.0,22808000.0,23729000.0,20908000.0,20991000.0,16894000.0,22467000.0
Operating Expenses,370016000.0,335046000.0,309932000.0,283541000.0,267100000.0,248503000.0,234466000.0,222502000.0,190602000.0,88086000.0
Operating Income,69771000.0,23092000.0,85571000.0,69436000.0,31887000.0,6946000.0,5465000.0,-214000.0,8200000.0,62615000.0
Interest Expense,52804000.0,56402000.0,57351000.0,65534000.0,72413000.0,73511000.0,75053000.0,76038000.0,65710000.0,43080000.0
Earnings before Tax,69771000.0,23096000.0,85756000.0,58836000.0,33979000.0,-12268000.0,7812000.0,-3057000.0,4021000.0,51091000.0
Income Tax Expense,0.0,0.0,0.0,0.0,0.0,0.0,0.0,0.0,0.0,0.0
Net Income - Non-Controlling int,0.0,0.0,0.0,0.0,0.0,0.0,0.0,0.0,0.0,57000.0
Net Income - Discontinued ops,0.0,0.0,0.0,0.0,0.0,0.0,0.0,0.0,0.0,-27884000.0
Net Income,69771000.0,23092000.0,85571000.0,69436000.0,31887000.0,6946000.0,5465000.0,-214000.0,8200000.0,51091000.0
Preferred Dividends,0.0,0.0,0.0,0.0,0.0,0.0,0.0,0.0,0.0,0.0
Net Income Com,69771000.0,23092000.0,85571000.0,69436000.0,31887000.0,6946000.0,5465000.0,-214000.0,8200000.0,51091000.0
EPS,0.55,0.18,0.79,0.7,0.33,0.08,0.07,0.0,0.13,0.88
EPS Diluted,0.55,0.18,0.78,0.7,0.33,0.08,0.07,0.0,0.13,0.87
Weighted Average Shs Out,123292125.0,117926000.0,108572102.0,99171352.0,95279226.0,90940627.0,78844840.0,72720147.0,61722786.0,59364717.0
Weighted Average Shs Out (Dil),123350933.0,118017000.0,109386997.0,99880302.0,96759410.0,90940627.0,80127883.0,72720147.0,62770826.0,58199592.0
Dividend per Share,1.21819913596,1.20598727302,1.2045215941,1.20410128516,1.20268405936,1.22685540754,1.20252771435,1.22758277703,1.20790190016,1.54
Gross Margin,0.621425034803,0.629603367735,0.644199888249,0.639110770173,0.638519097761,0.627321726433,0.627997471155,0.610937505267,0.607750179958,0.6207
EBITDA Margin,0.526149617331,0.399159950907,0.526229866628,0.488579585091,0.398905232503,0.333200762185,0.337945313735,0.310717379799,0.333188851134,0.68
EBIT Margin,0.154912753198,0.0543982435765,0.207883293249,0.178741785101,0.08598239204,0.0206158028766,0.0172751699067,-0.000721391273862,0.0317344829988,0.3879
Profit Margin,0.154912753198,0.0543982435765,0.207883293249,0.178741785101,0.08598239204,0.0206158028766,0.0172751699067,-0.000721391273862,0.0317344829988,0.21
Free Cash Flow margin,0.462611209421,0.423478029395,0.367495080533,0.412836479428,0.33805665287,0.358526798169,0.367937411095,0.354061534001,0.312836211367,0.0665
EBITDA,236972000.0,169443000.0,216612000.0,189799000.0,147936000.0,112264000.0,106909000.0,92174000.0,86094000.0,165092000.0
EBIT,69771000.0,23092000.0,85571000.0,69436000.0,31887000.0,6946000.0,5465000.0,-214000.0,8200000.0,94171000.0
Consolidated Income,69771000.0,23092000.0,85571000.0,69436000.0,31887000.0,6946000.0,5465000.0,-214000.0,8200000.0,51148000.0
Earnings Before Tax Margin,0.154912753198,0.0544076664492,0.208332725992,0.151455320989,0.091623410767,-0.0364115562468,0.0246941678521,-0.010305108057,0.0155615068461,0.2104
Net Profit Margin,0.154912753198,0.0543982435765,0.207883293249,0.178741785101,0.08598239204,0.0206158028766,0.0172751699067,-0.000721391273862,0.0317344829988,0.2104
