Date,2018-12-31,2017-12-31,2016-12-31,2015-12-31,2014-12-31,2013-12-31,2012-12-31,2011-12-31,2010-12-31,2009-12-31
Revenue,4113000.0,0.0,0.0,0.0,0.0,0.0,0.0,0.0,26504000.0,20066000.0
Revenue Growth,0.0,0.0,0.0,0.0,0.0,0.0,0.0,-1,0.320841223960929,-0.5308
Cost of Revenue,0.0,0.0,0.0,0.0,0.0,0.0,0.0,0.0,0.0,0.0
Gross Profit,0.0,0.0,0.0,0.0,0.0,0.0,0.0,0.0,26504000.0,20066000.0
R&D Expenses,0.0,0.0,0.0,0.0,0.0,0.0,0.0,0.0,0.0,0.0
SG&A Expense,43762000.0,37029000.0,34660000.0,35146000.0,26250000.0,23450000.0,21722000.0,20574000.0,30522000.0,32033000.0
Operating Expenses,43762000.0,37029000.0,34660000.0,35146000.0,26250000.0,23450000.0,21722000.0,20574000.0,88127000.0,44760000.0
Operating Income,48655000.0,50299000.0,43969000.0,26601000.0,20965000.0,16494000.0,14203000.0,10537000.0,-61623000.0,-24694000.0
Interest Expense,7822000.0,5387000.0,3211000.0,2422000.0,2153000.0,2600000.0,4187000.0,5875000.0,0.0,0.0
Earnings before Tax,48655000.0,50299000.0,43969000.0,26601000.0,20965000.0,16494000.0,14203000.0,10537000.0,-61623000.0,-24694000.0
Income Tax Expense,13324000.0,26471000.0,16588000.0,10104000.0,7538000.0,4954000.0,4294000.0,-834000.0,-5766000.0,-12709000.0
Net Income - Non-Controlling int,0.0,0.0,0.0,0.0,0.0,0.0,0.0,0.0,0.0,0.0
Net Income - Discontinued ops,0.0,0.0,0.0,0.0,0.0,0.0,0.0,0.0,0.0,0.0
Net Income,35331000.0,23828000.0,27381000.0,16497000.0,13427000.0,11540000.0,9909000.0,11371000.0,-55857000.0,-11985000.0
Preferred Dividends,0.0,0.0,1512000.0,0.0,0.0,336000.0,1206000.0,2333000.0,2398000.0,2376000.0
Net Income Com,35331000.0,23828000.0,27381000.0,16497000.0,13427000.0,11540000.0,9909000.0,11371000.0,-58255000.0,-14361000.0
EPS,0.85,0.63,0.72,0.48,0.42,0.36,0.27,0.28,-3.64,-1.21
EPS Diluted,0.84,0.62,0.72,0.48,0.42,0.36,0.27,0.28,-3.64,-1.21
Weighted Average Shs Out,41469211.0,38095250.0,33933806.0,28567213.0,26390615.0,26338161.0,26303245.0,0.0,26233001.0,11820509.0
Weighted Average Shs Out (Dil),41469211.0,38610815.0,34219121.0,28786078.0,26526282.0,26386452.0,26329336.0,0.0,26233001.0,11820509.0
Dividend per Share,0.445245992262,0.394656264055,0.398227645883,0.373027544774,0.21706773682,0.072613021258,0.0141667074323,0.0,0.0,0.02
Gross Margin,0.0,0.0,0.0,0.0,0.0,0.0,0.0,0.0,1.0,1.0
EBITDA Margin,11.878920496,0.0,0.0,0.0,0.0,0.0,0.0,0.0,-2.273,-1.158
EBIT Margin,11.8295647946,0.0,0.0,0.0,0.0,0.0,0.0,0.0,-2.325,-1.2306
Profit Margin,8.59008023341,0.0,0.0,0.0,0.0,0.0,0.0,0.0,-2.198,-0.716
Free Cash Flow margin,11.7639192803,0.0,0.0,0.0,0.0,0.0,0.0,0.0,0.592,-0.1163
EBITDA,48858000.0,49124000.0,42514000.0,27210000.0,21028000.0,15665000.0,13004000.0,10267000.0,-60249000.0,-23245000.0
EBIT,48655000.0,50299000.0,43969000.0,26601000.0,20965000.0,16494000.0,14203000.0,10537000.0,-61623000.0,-24694000.0
Consolidated Income,35331000.0,23828000.0,27381000.0,16497000.0,13427000.0,11540000.0,9909000.0,11371000.0,-55857000.0,-11985000.0
Earnings Before Tax Margin,11.8295647946,0.0,0.0,0.0,0.0,0.0,0.0,0.0,-2.325,-1.2306
Net Profit Margin,8.59008023341,0.0,0.0,0.0,0.0,0.0,0.0,0.0,-2.1075,-0.5973
