Date,2018-10-31,2017-10-31,2016-10-31,2015-10-31,2014-10-31,2013-10-31,2012-10-31,2011-10-31,2010-10-31,2009-10-31
Revenue,300671000.0,44411000.0,227289000.0,219383000.0,222303000.0,0.0,0.0,180400000.0,105893000.0,91016000.0
Revenue Growth,5.77019206953232,-0.804605590239739,0.0360374322531828,-0.0131352253455869,0.0,0.0,-1,0.70360647068267,0.163454777182034,-0.5937
Cost of Revenue,208865000.0,173103000.0,156849000.0,150292000.0,153691000.0,0.0,0.0,124526000.0,84097000.0,65188000.0
Gross Profit,91806000.0,70564000.0,70440000.0,69091000.0,68612000.0,0.0,0.0,55874000.0,21796000.0,25828000.0
R&D Expenses,4700000.0,4200000.0,4900000.0,3900000.0,0.0,0.0,0.0,0.0,0.0,0.0
SG&A Expense,58010000.0,49661000.0,50824000.0,45287000.0,46615000.0,0.0,0.0,38493000.0,29837000.0,30874000.0
Operating Expenses,62710000.0,53861000.0,55724000.0,49187000.0,46615000.0,0.0,0.0,38493000.0,29837000.0,30874000.0
Operating Income,33796000.0,20903000.0,19616000.0,23804000.0,21997000.0,0.0,0.0,17381000.0,-8041000.0,-5046000.0
Interest Expense,100000.0,91000.0,72000.0,198000.0,264000.0,0.0,0.0,143000.0,49000.0,35000.0
Earnings before Tax,32496000.0,20716000.0,18885000.0,23553000.0,21361000.0,0.0,0.0,15619000.0,-8859000.0,-3812000.0
Income Tax Expense,11006000.0,5601000.0,5593000.0,7339000.0,6218000.0,0.0,0.0,4495000.0,-3115000.0,-1491000.0
Net Income - Non-Controlling int,0.0,0.0,0.0,0.0,0.0,0.0,0.0,0.0,0.0,0.0
Net Income - Discontinued ops,0.0,0.0,0.0,0.0,0.0,0.0,0.0,0.0,0.0,0.0
Net Income,21490000.0,0.0,13292000.0,16214000.0,15143000.0,0.0,0.0,11124000.0,-5744000.0,-2321000.0
Preferred Dividends,0.0,0.0,0.0,0.0,0.0,0.0,0.0,0.0,0.0,0.0
Net Income Com,21490000.0,0.0,13292000.0,16214000.0,15143000.0,0.0,0.0,11124000.0,-5744000.0,-2321000.0
EPS,3.19,2.27,2.01,2.46,2.31,0.0,0.0,1.72,-0.89,-0.36
EPS Diluted,3.15,2.25,1.99,2.44,2.3,0.0,0.0,1.71,-0.89,-0.36
Weighted Average Shs Out,6700000.0,6615000.0,6569000.0,6543.0,6504880.0,0.0,0.0,6441000.0,6440851.0,6440851.0
Weighted Average Shs Out (Dil),6771000.0,6680000.0,6642000.0,6602.0,6497000.0,0.0,0.0,6472000.0,6441000.0,6429000.0
Dividend per Share,0.428001772264,0.387724550898,0.347786811201,308.088458043,0.26,0.0,0.0,0.0,0.0,0.0
Gross Margin,0.30533706277,1.58888563644,0.309913810171,0.3149332446,0.3086,0.0,0.0,0.309722838137,0.2058,0.2838
EBITDA Margin,0.124750973656,0.552092949945,0.10332220213,0.123190949162,0.112,0.0,0.0,0.120182926829,-0.047,-0.005
EBIT Margin,0.112401927688,0.47067168044,0.0863042206178,0.108504305256,0.0973,0.0,0.0,0.0963470066519,-0.0832,-0.0415
Profit Margin,0.0714734710032,0.0,0.0584806127881,0.0739072763158,0.068,0.0,0.0,0.0616629711752,-0.054,-0.026
Free Cash Flow margin,0.0581200049223,0.634775168314,-0.0388712168209,0.115856743686,0.0622,0.0,0.0,-0.0162971175166,0.1883,-0.0543
EBITDA,37509000.0,24519000.0,23484000.0,27026000.0,24934000.0,0.0,0.0,21681000.0,-5006000.0,-482000.0
EBIT,33796000.0,20903000.0,19616000.0,23804000.0,21625000.0,0.0,0.0,17381000.0,-8810000.0,-3777000.0
Consolidated Income,21490000.0,0.0,13292000.0,16214000.0,15143000.0,0.0,0.0,11124000.0,-5744000.0,-2321000.0
Earnings Before Tax Margin,0.108078264947,0.466461011911,0.0830880508956,0.107360187435,0.0961,0.0,0.0,0.0865798226164,-0.0837,-0.0419
Net Profit Margin,0.0714734710032,0.0,0.0584806127881,0.0739072763158,0.0681,0.0,0.0,0.0616629711752,-0.0542,-0.0255
