Date,2018-12-31,2017-12-31,2016-12-31,2015-12-31,2014-12-31,2013-12-31,2012-12-31,2011-12-31,2010-12-31,2009-12-31
Revenue,1207570000.0,1056231000.0,981120000.0,757044000.0,296955000.0,102995000.0,22978000.0,6939000.0,2376000.0,0.0
Revenue Growth,0.143282104009445,0.0765563845401174,0.295988079953081,1.5493559630247,1.88319821350551,3.48233092523283,2.31142815967719,1.92045454545455,0.0,
Cost of Revenue,422317000.0,546275000.0,393272000.0,219502000.0,78753000.0,14625000.0,12663000.0,7267000.0,4263000.0,0.0
Gross Profit,785253000.0,509956000.0,587848000.0,537542000.0,218202000.0,59391000.0,6969000.0,-340000.0,-1887000.0,0.0
R&D Expenses,82762000.0,224962000.0,60707000.0,41865000.0,17460000.0,10084000.0,16837000.0,15358000.0,17697000.0,10894000.0
SG&A Expense,692485000.0,677363000.0,608308000.0,440305000.0,209233000.0,92161000.0,69005000.0,35322000.0,24170000.0,7895000.0
Operating Expenses,782861000.0,902325000.0,735015000.0,482170000.0,226693000.0,102245000.0,85842000.0,120301000.0,41867000.0,18789000.0
Operating Income,2392000.0,-392369000.0,-147167000.0,55372000.0,-8491000.0,-42854000.0,-78873000.0,-120641000.0,-43754000.0,-18789000.0
Interest Expense,0.0,0.0,0.0,0.0,23826000.0,39178000.0,14525000.0,6284000.0,3024000.0,2189000.0
Earnings before Tax,-119146000.0,-513275000.0,-228085000.0,-132712000.0,-269687000.0,-150126000.0,-92965000.0,-127948000.0,-27725000.0,-20500000.0
Income Tax Expense,-44959000.0,-102749000.0,-61251000.0,-172244000.0,-6084000.0,-1121000.0,-5171000.0,-14683000.0,-660000.0,0.0
Net Income - Non-Controlling int,0.0,0.0,0.0,0.0,0.0,0.0,0.0,0.0,0.0,0.0
Net Income - Discontinued ops,0.0,0.0,0.0,0.0,0.0,0.0,0.0,0.0,0.0,0.0
Net Income,-74187000.0,-410526000.0,-166834000.0,39532000.0,-263603000.0,-149005000.0,-87794000.0,-113265000.0,-27065000.0,-20500000.0
Preferred Dividends,0.0,0.0,0.0,0.0,0.0,0.0,0.0,0.0,0.0,-3489000.0
Net Income Com,-74187000.0,-410526000.0,-166834000.0,39532000.0,-263603000.0,-149005000.0,-87794000.0,-113265000.0,-27065000.0,-17011000.0
EPS,-0.45,-2.52,-1.04,0.27,-3.15,-2.34,-2.26,-12.56,-21.16,-40.65
EPS Diluted,-0.45,-2.52,-1.04,0.25,-3.15,-2.34,-2.26,-12.56,-21.16,-40.65
Weighted Average Shs Out,166155405.0,163122663.0,160699543.0,148788020.0,83751129.0,63657924.0,38871422.0,0.0,,
Weighted Average Shs Out (Dil),166155405.0,163122663.0,160699543.0,155923251.0,83751129.0,63657924.0,38871422.0,0.0,1279133.0,418520.0
Dividend per Share,0.0,0.0,0.0,0.0,0.0,0.0,0.0,0.0,0.0,0.0
Gross Margin,0.650275346357,0.482807264699,0.599160143509,0.710053840992,0.734798201748,0.576639642701,0.303290103577,-0.0489984147572,-0.7942,0.0
EBITDA Margin,0.249154914415,-0.0826855110293,0.0950097847358,0.280730050037,0.11715916553,-0.158250400505,-3.19153102968,-16.7463611471,-9.145,
EBIT Margin,0.00198083754979,-0.371480291716,-0.149998980757,0.0731423800994,-0.0285935579465,-0.41607845041,-3.43254417269,-17.3859345727,-10.396,0.0
Profit Margin,-0.0614349478705,-0.388670660111,-0.170044439008,0.0522188934857,-0.887686686535,-1.4467207146,-3.82078509879,-16.3229571984,-11.391,
Free Cash Flow margin,0.157151966346,0.261187183485,0.360531841161,0.247026592906,0.0809853344783,-0.538715471625,-3.39355035251,-6.21761060672,-16.0968,0.0
EBITDA,300872000.0,-87335000.0,93216000.0,212525000.0,34791000.0,-16299000.0,-73335000.0,-116203000.0,-21728000.0,-18234000.0
EBIT,2392000.0,-392369000.0,-147167000.0,55372000.0,-8491000.0,-42854000.0,-78873000.0,-120641000.0,-24701000.0,-18311000.0
Consolidated Income,-74187000.0,-410526000.0,-166834000.0,39532000.0,-263603000.0,-149005000.0,-87794000.0,-113265000.0,-27065000.0,-20500000.0
Earnings Before Tax Margin,-0.0986659158475,-0.485949569744,-0.23247411122,-0.175302888604,-0.908174639255,-1.45760473809,-4.04582644268,-18.438968151,-11.6688,0.0
Net Profit Margin,-0.0614349478705,-0.388670660111,-0.170044439008,0.0522188934857,-0.887686686535,-1.4467207146,-3.82078509879,-16.3229571984,-11.391,0.0
