Date,2018-12-31,2017-12-31,2016-12-31,2015-12-31,2014-12-31,2013-12-31,2012-12-31,2011-12-31,2010-12-31,2009-12-31
Revenue,10295000.0,0.0,0.0,207077000.0,0.0,13003988000.0,0.0,0.0,373066000.0,471952000.0
Revenue Growth,0.0,0.0,-1,0.0,-1,0.0,0.0,-1,-0.209525544970675,1.1748
Cost of Revenue,0.0,0.0,0.0,0.0,0.0,0.0,0.0,0.0,0.0,0.0
Gross Profit,0.0,0.0,0.0,0.0,0.0,0.0,0.0,0.0,373066000.0,471952000.0
R&D Expenses,0.0,0.0,0.0,0.0,0.0,0.0,0.0,0.0,0.0,0.0
SG&A Expense,414741000.0,379527000.0,331686000.0,322586000.0,259086000.0,244981000.0,233777000.0,193773000.0,246817000.0,168375000.0
Operating Expenses,414741000.0,379527000.0,331686000.0,322586000.0,259086000.0,244981000.0,233777000.0,193773000.0,304249000.0,223260000.0
Operating Income,402527000.0,292879000.0,271970000.0,206938000.0,140200000.0,80972000.0,104891000.0,70519000.0,68817000.0,248692000.0
Interest Expense,208381000.0,104937000.0,67701000.0,59100000.0,44704000.0,46953000.0,63450000.0,82069000.0,0.0,0.0
Earnings before Tax,402527000.0,292879000.0,271970000.0,206938000.0,140200000.0,80972000.0,104891000.0,70519000.0,68817000.0,248692000.0
Income Tax Expense,32278000.0,150466000.0,85193000.0,64094000.0,34750000.0,15869000.0,28496000.0,16981000.0,19991000.0,90338000.0
Net Income - Non-Controlling int,0.0,0.0,0.0,0.0,0.0,0.0,0.0,0.0,0.0,0.0
Net Income - Discontinued ops,0.0,0.0,0.0,0.0,0.0,0.0,0.0,0.0,0.0,0.0
Net Income,370249000.0,142413000.0,186777000.0,142844000.0,105450000.0,65103000.0,76395000.0,53538000.0,48826000.0,158354000.0
Preferred Dividends,9095000.0,9095000.0,7977000.0,0.0,0.0,0.0,0.0,0.0,0.0,3350000.0
Net Income Com,370249000.0,142413000.0,186777000.0,142844000.0,105450000.0,65103000.0,76395000.0,53538000.0,48826000.0,155004000.0
EPS,6.5,2.61,4.32,3.69,3.32,2.2,2.59,1.88,1.9,8.49
EPS Diluted,6.46,2.59,4.3,3.68,3.3,2.2,2.59,1.87,1.88,8.41
Weighted Average Shs Out,55008000.0,50640000.0,40948000.0,38214000.0,31307000.0,29605088.0,29454084.0,28500420.0,26876429.0,20646451.0
Weighted Average Shs Out (Dil),55360000.0,50992000.0,41106000.0,38310000.0,31433000.0,29105098.0,28957696.0,28141300.0,26876429.0,20646451.0
Dividend per Share,1.53146676301,1.42712582366,1.38162312071,1.3656486557,1.37021601502,1.38573661563,1.38370815137,1.37015702899,1.36,1.36
Gross Margin,0.0,0.0,0.0,0.0,0.0,0.0,0.0,0.0,1.0,1.0
EBITDA Margin,38.367459932,0.0,0.0,0.881628572946,0.0,0.00626284798171,0.0,0.0,0.214,0.549
EBIT Margin,39.099271491,0.0,0.0,0.999328752107,0.0,0.00622670522304,0.0,0.0,0.1845,0.5269
Profit Margin,35.9639630889,0.0,0.0,0.689811036474,0.0,0.00500638727135,0.0,0.0,0.131,0.328
Free Cash Flow margin,42.0292374939,0.0,0.0,0.852924274545,0.0,0.0225193994335,0.0,0.0,0.4769,-0.2947
EBITDA,394993000.0,288766000.0,237139000.0,182565000.0,149734000.0,81442000.0,58180000.0,38405000.0,79859000.0,259069000.0
EBIT,402527000.0,292879000.0,271970000.0,206938000.0,140200000.0,80972000.0,104891000.0,70519000.0,68817000.0,248692000.0
Consolidated Income,370249000.0,142413000.0,186777000.0,142844000.0,105450000.0,65103000.0,76395000.0,53538000.0,48826000.0,158354000.0
Earnings Before Tax Margin,39.099271491,0.0,0.0,0.999328752107,0.0,0.00622670522304,0.0,0.0,0.1845,0.5269
Net Profit Margin,35.9639630889,0.0,0.0,0.689811036474,0.0,0.00500638727135,0.0,0.0,0.1309,0.3355
