Date,2018-12-31,2017-12-31,2016-12-31,2015-12-31,2014-12-31,2013-12-31,2012-12-31,2011-12-31,2010-12-31,2009-12-31
Revenue,72433000.0,0.0,0.0,0.0,0.0,0.0,0.0,0.0,0.0,529761000.0
Revenue Growth,0.0,0.0,0.0,0.0,0.0,0.0,0.0,0.0,-1,0.0535
Cost of Revenue,0.0,0.0,0.0,0.0,0.0,0.0,0.0,0.0,0.0,0.0
Gross Profit,0.0,0.0,0.0,0.0,0.0,0.0,0.0,0.0,0.0,529761000.0
R&D Expenses,0.0,0.0,0.0,0.0,0.0,0.0,0.0,0.0,0.0,0.0
SG&A Expense,138532000.0,132750000.0,128661000.0,125135000.0,121511000.0,119845000.0,118041000.0,126004000.0,127469000.0,188012000.0
Operating Expenses,138532000.0,132750000.0,128661000.0,125135000.0,121511000.0,119845000.0,122692000.0,131297000.0,132753000.0,309031000.0
Operating Income,272583000.0,221642000.0,197003000.0,206842000.0,229938000.0,126351000.0,107835000.0,127149000.0,200980000.0,220730000.0
Interest Expense,52668000.0,38931000.0,43129000.0,44317000.0,46543000.0,54632000.0,74499000.0,94298000.0,114036000.0,0.0
Earnings before Tax,272583000.0,221642000.0,197003000.0,206842000.0,229938000.0,0.0,0.0,0.0,200980000.0,220730000.0
Income Tax Expense,56652000.0,64206000.0,63071000.0,70116000.0,76787000.0,56239000.0,50565000.0,64078000.0,70957000.0,77988000.0
Net Income - Non-Controlling int,0.0,0.0,0.0,0.0,0.0,0.0,0.0,0.0,0.0,0.0
Net Income - Discontinued ops,0.0,0.0,0.0,0.0,0.0,0.0,0.0,0.0,0.0,0.0
Net Income,215931000.0,157436000.0,133932000.0,136726000.0,153151000.0,126351000.0,107835000.0,127149000.0,116897000.0,142742000.0
Preferred Dividends,0.0,0.0,0.0,0.0,0.0,0.0,14362000.0,13280000.0,13126000.0,12984000.0
Net Income Com,215931000.0,157436000.0,133932000.0,136726000.0,153151000.0,126351000.0,107835000.0,127149000.0,116897000.0,129758000.0
EPS,3.27,2.38,2.03,2.06,2.29,1.88,1.39,1.69,1.72,1.9
EPS Diluted,3.24,2.36,2.02,2.05,2.28,1.88,1.39,1.69,1.72,1.9
Weighted Average Shs Out,66106580.0,66046155.0,65967989.0,66411193.0,66872500.0,67195180.0,67236681.0,67506554.0,67921353.0,68237749.0
Weighted Average Shs Out (Dil),66633820.0,66778436.0,66313490.0,66636353.0,67056456.0,67314859.0,67313963.0,67569468.0,68004441.0,68373732.0
Dividend per Share,0.744351742103,0.652815528654,0.596696087025,0.577987813949,0.518399003968,0.429236582075,0.399530777886,0.379579723789,0.359447113167,0.34
Gross Margin,0.0,0.0,0.0,0.0,0.0,0.0,0.0,0.0,0.0,1.0
EBITDA Margin,4.12044233982,0.0,0.0,0.0,0.0,0.0,0.0,0.0,0.0,0.485
EBIT Margin,3.76324327309,0.0,0.0,0.0,0.0,0.0,0.0,0.0,0.0,0.4167
Profit Margin,2.98111358083,0.0,0.0,0.0,0.0,0.0,0.0,0.0,0.0,0.245
Free Cash Flow margin,2.87785953916,0.0,0.0,0.0,0.0,0.0,0.0,0.0,0.0,0.1682
EBITDA,298456000.0,246948000.0,221869000.0,232495000.0,256340000.0,157001000.0,139242000.0,167386000.0,254905000.0,256909000.0
EBIT,272583000.0,221642000.0,197003000.0,206842000.0,229938000.0,126351000.0,107835000.0,127149000.0,200980000.0,220730000.0
Consolidated Income,215931000.0,157436000.0,133932000.0,136726000.0,153151000.0,126351000.0,107835000.0,127149000.0,116897000.0,142742000.0
Earnings Before Tax Margin,3.76324327309,0.0,0.0,0.0,0.0,0.0,0.0,0.0,0.0,0.4167
Net Profit Margin,2.98111358083,0.0,0.0,0.0,0.0,0.0,0.0,0.0,0.0,0.2694
