Date,2018-12-31,2017-12-31,2016-12-31,2015-12-31,2014-12-31,2013-12-31,2012-12-31,2011-12-31,2010-12-31,2009-12-31
Revenue,187689000.0,225833000.0,368461000.0,379197000.0,439997000.0,432626000.0,353818000.0,369845000.0,332559000.0,232058000.0
Revenue Growth,-0.168903570337373,-0.387091171114446,-0.028312460277903,-0.138182760337002,0.0170378109498736,0.222735982906466,-0.0433343698035664,0.112118451162049,0.433085694093718,0.0706
Cost of Revenue,2800000.0,0.0,0.0,0.0,0.0,0.0,0.0,0.0,0.0,0.0
Gross Profit,184889000.0,0.0,0.0,0.0,0.0,0.0,0.0,0.0,0.0,232058000.0
R&D Expenses,0.0,0.0,0.0,0.0,0.0,0.0,0.0,0.0,0.0,0.0
SG&A Expense,121429000.0,114606000.0,206589000.0,209666000.0,190153000.0,175215000.0,138368000.0,140985000.0,138532000.0,79356000.0
Operating Expenses,121429000.0,114606000.0,206589000.0,209666000.0,190153000.0,175215000.0,138368000.0,140985000.0,138532000.0,79493000.0
Operating Income,-119037000.0,-564651000.0,-243128000.0,-262663000.0,249844000.0,257411000.0,215450000.0,228766000.0,209715000.0,152565000.0
Interest Expense,59214000.0,67901000.0,97542000.0,86233000.0,84523000.0,76321000.0,46576000.0,50754000.0,43155000.0,41214000.0
Earnings before Tax,-83131000.0,-653432000.0,-326001000.0,-284274000.0,223177000.0,200662000.0,182472000.0,212527000.0,0.0,116336000.0
Income Tax Expense,-6538000.0,-95977000.0,-76492000.0,-95344000.0,59641000.0,58075000.0,58963000.0,71286000.0,52409000.0,41225000.0
Net Income - Non-Controlling int,0.0,0.0,0.0,0.0,0.0,0.0,0.0,0.0,0.0,920000.0
Net Income - Discontinued ops,0.0,0.0,0.0,0.0,0.0,0.0,0.0,0.0,0.0,0.0
Net Income,-100521000.0,-489253000.0,-252134000.0,-189303000.0,148843000.0,128048000.0,109408000.0,126105000.0,98847000.0,75111000.0
Preferred Dividends,0.0,0.0,0.0,0.0,0.0,0.0,0.0,0.0,0.0,0.0
Net Income Com,-100521000.0,-489253000.0,-252134000.0,-189303000.0,148843000.0,128048000.0,109408000.0,126105000.0,98847000.0,75111000.0
EPS,-15.73,-8.66,-4.82,-3.92,3.07,2.28,1.57,1.72,1.37,11.4
EPS Diluted,-15.73,-8.66,-4.82,-3.92,2.59,2.11,1.52,1.67,1.32,11.0
Weighted Average Shs Out,6734000.0,57112000.0,52338000.0,48293000.0,48431000.0,56281000.0,69689000.0,73111000.0,72151000.0,7141363.0
Weighted Average Shs Out (Dil),6734000.0,57112000.0,52338000.0,48293000.0,57366000.0,60734000.0,71957000.0,75495000.0,74713000.0,6576300.0
Dividend per Share,0.0,0.0,0.0,0.0,0.0,0.0,0.0,0.0,0.0,0.0
Gross Margin,0.985081704309,0.0,0.0,0.0,0.0,0.0,0.0,0.0,0.0,1.0
EBITDA Margin,-0.550618310077,-2.41327883879,-0.568320663517,-0.58455894957,0.663318158987,0.686955938848,0.698449485329,0.718057564655,0.713488433631,0.713
EBIT Margin,-0.634224701501,-2.50030332148,-0.659847310842,-0.692682167844,0.567831144303,0.594996602146,0.608928884342,0.618545606943,0.630609906814,0.6789
Profit Margin,-0.53557214328,-2.16643714603,-0.684289517751,-0.499220721683,0.338281851922,0.295978512618,0.309221124985,0.340967161919,0.297231468702,0.324
Free Cash Flow margin,0.294385925654,0.00533137318284,0.321716545306,0.497915331609,0.365947949645,0.535289141198,0.566884669519,0.471459665536,0.488734329848,0.5127
EBITDA,-103345000.0,-544998000.0,-209404000.0,-221663000.0,291858000.0,297195000.0,247124000.0,265570000.0,237277000.0,165565000.0
EBIT,-119037000.0,-564651000.0,-243128000.0,-262663000.0,249844000.0,257411000.0,215450000.0,228766000.0,209715000.0,157550000.0
Consolidated Income,-100521000.0,-489253000.0,-252134000.0,-189303000.0,148843000.0,128048000.0,109408000.0,126105000.0,98847000.0,76031000.0
Earnings Before Tax Margin,-0.442918871111,-2.893430101,-0.884763923455,-0.749673652481,0.50722391289,0.463823256115,0.515722772725,0.574638024037,0.0,0.5013
Net Profit Margin,-0.53557214328,-2.16643714603,-0.684289517751,-0.499220721683,0.338281851922,0.295978512618,0.309221124985,0.340967161919,0.297231468702,0.3237
