Date,2018-12-31,2017-12-31,2016-12-31,2015-12-31,2014-12-31,2013-12-31,2012-12-31,2011-12-31,2010-12-31,2009-12-31
Revenue,11777000000.0,21744000000.0,16348000000.0,15272000000.0,19157000000.0,20682000000.0,15654000000.0,11855000000.0,9072000000.0,8543000000.0
Revenue Growth,-0.458379323031641,0.33007095669195,0.070455735987428,-0.202797932870491,-0.0737356155110724,0.321195860482944,0.320455504006748,0.306768077601411,0.0619220414374342,0.3918
Cost of Revenue,9584000000.0,15985000000.0,13412000000.0,12741000000.0,16485000000.0,15809000000.0,12643000000.0,7872000000.0,6759000000.0,5842000000.0
Gross Profit,2193000000.0,5759000000.0,2936000000.0,2531000000.0,2672000000.0,4873000000.0,3011000000.0,3983000000.0,2313000000.0,2701000000.0
R&D Expenses,0.0,195000000.0,192000000.0,189000000.0,192000000.0,177000000.0,179000000.0,0.0,0.0,0.0
SG&A Expense,1386000000.0,2565000000.0,2342000000.0,1908000000.0,1625000000.0,1417000000.0,1265000000.0,1241000000.0,999000000.0,1012000000.0
Operating Expenses,1915000000.0,3606000000.0,2534000000.0,2097000000.0,1817000000.0,1594000000.0,1444000000.0,1241000000.0,1171000000.0,1202000000.0
Operating Income,278000000.0,2153000000.0,-2184000000.0,-2059000000.0,-632000000.0,2326000000.0,646000000.0,750000000.0,1142000000.0,1499000000.0
Interest Expense,524000000.0,843000000.0,878000000.0,1154000000.0,847000000.0,560000000.0,522000000.0,436000000.0,389000000.0,319000000.0
Earnings before Tax,278000000.0,2153000000.0,-2184000000.0,-2059000000.0,-632000000.0,2326000000.0,646000000.0,1798000000.0,208000000.0,209000000.0
Income Tax Expense,-4000000.0,-438000000.0,36000000.0,68000000.0,-103000000.0,-118000000.0,-81000000.0,34000000.0,9000000.0,-44000000.0
Net Income - Non-Controlling int,0.0,0.0,0.0,0.0,0.0,0.0,0.0,0.0,544000000.0,972000000.0
Net Income - Discontinued ops,0.0,0.0,0.0,0.0,0.0,0.0,0.0,0.0,1000000.0,-1000000.0
Net Income,1507000000.0,2430000000.0,-1128000000.0,-1194000000.0,-373000000.0,1025000000.0,396000000.0,750000000.0,199000000.0,253000000.0
Preferred Dividends,-556000000.0,48000000.0,-22000000.0,-24000000.0,-7000000.0,20000000.0,17000000.0,15000000.0,4000000.0,24000000.0
Net Income Com,1507000000.0,2430000000.0,-1128000000.0,-1194000000.0,-373000000.0,1025000000.0,396000000.0,750000000.0,195000000.0,229000000.0
EPS,11.46,14.8,-8.07,-9.29,-3.08,9.07,0.0,0.0,2.27,3.01
EPS Diluted,11.46,14.8,-8.07,-9.29,-3.08,9.07,0.0,0.0,2.26,2.94
Weighted Average Shs Out,180000000.0,161000000.0,137000000.0,126000000.0,119000000.0,110000000.0,101000000.0,86000000.0,84728419.0,74775597.0
Weighted Average Shs Out (Dil),180000000.0,161000000.0,137000000.0,126000000.0,119000000.0,111000000.0,101000000.0,91000000.0,86000000.0,76000000.0
Dividend per Share,0.538888888889,0.0,0.0,0.0,0.0,0.0,0.0,0.0,1.0,1.0
Gross Margin,0.186210410121,0.264854672553,0.179593834108,0.165728129911,0.139479041604,0.235615511072,0.192347003961,0.335976381274,0.255,0.3162
EBITDA Margin,0.0615606691008,0.145787343635,-0.0703449963298,-0.078313253012,0.00923944250144,0.148341553041,0.0779992334228,0.100970054829,0.117,0.113
EBIT Margin,0.0236053324276,0.0990158204562,-0.133594323465,-0.134821896281,-0.0329905517565,0.112464945363,0.0412674076913,0.0632644453817,0.0658,0.0618
Profit Margin,0.127961280462,0.111754966887,-0.0689992659653,-0.078182294395,-0.0194706895652,0.0495600038681,0.0252970486777,0.0632644453817,0.021,0.027
Free Cash Flow margin,0.0545979451473,-0.111616997792,0.0507095669195,-0.0422341540073,-0.0940126324581,-0.021467943139,0.0398620160981,0.127709827077,-0.042,0.0158
EBITDA,725000000.0,3170000000.0,-1150000000.0,-1196000000.0,177000000.0,3068000000.0,1221000000.0,1197000000.0,1060000000.0,969000000.0
EBIT,278000000.0,2153000000.0,-2184000000.0,-2059000000.0,-632000000.0,2326000000.0,646000000.0,750000000.0,597000000.0,528000000.0
Consolidated Income,1507000000.0,2430000000.0,-1128000000.0,-1194000000.0,-373000000.0,1025000000.0,396000000.0,750000000.0,743000000.0,1225000000.0
Earnings Before Tax Margin,0.0236053324276,0.0990158204562,-0.133594323465,-0.134821896281,-0.0329905517565,0.112464945363,0.0412674076913,0.151665963728,0.0229,0.0245
Net Profit Margin,0.127961280462,0.111754966887,-0.0689992659653,-0.078182294395,-0.0194706895652,0.0495600038681,0.0252970486777,0.0632644453817,0.0219,0.0296
