Date,2018-12-31,2017-12-31,2016-12-31,2015-12-31,2014-12-31,2013-12-31,2012-12-31,2011-12-31,2010-12-31,2009-12-31
Revenue,350775000.0,320494000.0,311004000.0,532868000.0,533933000.0,575044000.0,428061000.0,417996000.0,435368000.0,354838000.0
Revenue Growth,0.0944822679987769,0.0305140769893635,-0.416358272592837,-0.00199463228532419,-0.0714919206182483,0.343369286153142,0.024079177791175,-0.0399018761140001,0.226948635715453,0.0033
Cost of Revenue,144206000.0,135054000.0,145231000.0,307178000.0,326035000.0,354790000.0,0.0,0.0,251318000.0,225234000.0
Gross Profit,206569000.0,185440000.0,165773000.0,225690000.0,207898000.0,220254000.0,0.0,0.0,184050000.0,129604000.0
R&D Expenses,0.0,0.0,0.0,0.0,0.0,0.0,0.0,0.0,0.0,0.0
SG&A Expense,169028000.0,157104000.0,132174000.0,172180000.0,177848000.0,179553000.0,0.0,0.0,139643000.0,139370000.0
Operating Expenses,169028000.0,157104000.0,132174000.0,172180000.0,177848000.0,179553000.0,0.0,0.0,145886000.0,144889000.0
Operating Income,37541000.0,28336000.0,32065000.0,48188000.0,23312000.0,23654000.0,24614000.0,18498000.0,38164000.0,-15285000.0
Interest Expense,0.0,0.0,0.0,0.0,0.0,0.0,0.0,0.0,1912000.0,2817000.0
Earnings before Tax,37541000.0,28336000.0,32065000.0,27060000.0,27614000.0,-10835000.0,22611000.0,14766000.0,34320000.0,-17791000.0
Income Tax Expense,8488000.0,-13794000.0,9555000.0,17666000.0,6391000.0,8398000.0,2003000.0,3732000.0,12583000.0,-10669000.0
Net Income - Non-Controlling int,0.0,0.0,0.0,0.0,0.0,0.0,0.0,0.0,1676000.0,-10000.0
Net Income - Discontinued ops,0.0,0.0,0.0,0.0,0.0,0.0,0.0,0.0,256000.0,-301000.0
Net Income,28482000.0,42042000.0,123298000.0,29944000.0,16293000.0,13779000.0,19661000.0,13003000.0,21737000.0,-7122000.0
Preferred Dividends,0.0,0.0,0.0,0.0,0.0,0.0,0.0,0.0,0.0,0.0
Net Income Com,28482000.0,42042000.0,123298000.0,29944000.0,16293000.0,13779000.0,19661000.0,13003000.0,21737000.0,-7122000.0
EPS,1.92,2.67,7.18,1.73,0.93,0.78,1.09,0.81,1.29,-0.46
EPS Diluted,1.89,2.63,7.09,1.71,0.92,0.77,1.09,0.81,1.29,-0.46
Weighted Average Shs Out,14812000.0,15718000.0,17162000.0,17314000.0,17471000.0,17758000.0,17979000.0,15979000.0,16756152.0,16965480.0
Weighted Average Shs Out (Dil),15104000.0,16008000.0,17379000.0,17484000.0,17636000.0,17871000.0,18088000.0,15985000.0,16795000.0,15418000.0
Dividend per Share,0.245762711864,0.12043978011,0.0893607227113,0.079615648593,0.0699138126559,0.0346930781713,0.0929345422379,0.0486080700657,0.045,0.045
Gross Margin,0.588893165134,0.57860677579,0.53302529871,0.423538287156,0.389370951037,0.38302112534,0.0,0.0,0.4227,0.3652
EBITDA Margin,0.117953103841,0.0954651257122,0.110014662191,0.102792811728,0.0602790986884,0.0754081426813,0.0827171828314,0.0818668121226,0.094,-0.027
EBIT Margin,0.107023020455,0.0884135116414,0.103101567825,0.0904314013977,0.0436609087657,0.0411342436405,0.057501150537,0.0442540120001,0.0832,-0.0422
Profit Margin,0.0811973487278,0.131178742816,0.396451492585,0.0561940292906,0.0305150646242,0.0239616446741,0.045930369737,0.0311079531862,0.05,-0.02
Free Cash Flow margin,0.102678355071,0.0892497207436,-0.0996707437846,-0.309127213494,0.0511880704133,-0.282267096083,-0.269573728978,0.0667111647001,0.0103,-0.079
EBITDA,41375000.0,30596000.0,34215000.0,54775000.0,32185000.0,43363000.0,35408000.0,34220000.0,40882000.0,-9595000.0
EBIT,37541000.0,28336000.0,32065000.0,48188000.0,23312000.0,23654000.0,24614000.0,18498000.0,36232000.0,-14974000.0
Consolidated Income,28482000.0,42042000.0,123298000.0,29944000.0,16293000.0,13779000.0,19661000.0,13003000.0,23413000.0,-7132000.0
Earnings Before Tax Margin,0.107023020455,0.0884135116414,0.103101567825,0.0507818071267,0.0517180994619,-0.0188420364355,0.0528219108959,0.0353256968966,0.0788,-0.0501
Net Profit Margin,0.0811973487278,0.131178742816,0.396451492585,0.0561940292906,0.0305150646242,0.0239616446741,0.045930369737,0.0311079531862,0.0499,-0.0201
