Date,2018-12-31,2017-12-31,2016-12-31,2015-12-31,2014-12-31,2013-12-31,2012-12-31,2011-12-31,2010-12-31,2009-12-31
Revenue,275769000.0,269554000.0,216499000.0,209240000.0,209617000.0,210982000.0,192745000.0,184426000.0,132013000.0,132744000.0
Revenue Growth,0.0230566046135468,0.245058868632188,0.0346922194609061,-0.0017985182499511,-0.00646974623427591,0.094617240395341,0.0451075228004728,0.397029080469348,-0.00550684023383354,-0.2406
Cost of Revenue,159921000.0,156630000.0,132359000.0,124701000.0,124132000.0,123985000.0,114429000.0,104823000.0,71528000.0,67674000.0
Gross Profit,115848000.0,112924000.0,84140000.0,84539000.0,85485000.0,86997000.0,78316000.0,79603000.0,60485000.0,65070000.0
R&D Expenses,0.0,0.0,0.0,0.0,0.0,0.0,0.0,0.0,0.0,0.0
SG&A Expense,95400000.0,91046000.0,78863000.0,67841000.0,65434000.0,67823000.0,62909000.0,67717000.0,49889000.0,47894000.0
Operating Expenses,95400000.0,91046000.0,78863000.0,67841000.0,65434000.0,67823000.0,62909000.0,67717000.0,112226000.0,64256000.0
Operating Income,12677000.0,9157000.0,-2592000.0,9615000.0,12678000.0,11701000.0,6550000.0,-60842000.0,-51741000.0,814000.0
Interest Expense,6688000.0,6821000.0,2664000.0,1789000.0,2229000.0,2712000.0,3146000.0,3458000.0,3241000.0,4550000.0
Earnings before Tax,6112000.0,2100000.0,-5324000.0,8143000.0,10468000.0,9043000.0,3240000.0,-64263000.0,-55091000.0,-3614000.0
Income Tax Expense,435000.0,4198000.0,1054000.0,3189000.0,4164000.0,4267000.0,2637000.0,-8326000.0,-1926000.0,-778000.0
Net Income - Non-Controlling int,0.0,0.0,0.0,0.0,0.0,0.0,0.0,0.0,0.0,0.0
Net Income - Discontinued ops,0.0,0.0,0.0,0.0,0.0,0.0,0.0,0.0,0.0,0.0
Net Income,5677000.0,-2130000.0,-6505000.0,4841000.0,6178000.0,4776000.0,603000.0,-55937000.0,-53165000.0,-2836000.0
Preferred Dividends,0.0,0.0,0.0,0.0,0.0,0.0,0.0,0.0,0.0,0.0
Net Income Com,5677000.0,-2130000.0,-6505000.0,4841000.0,6178000.0,4776000.0,603000.0,-55937000.0,-53165000.0,-2836000.0
EPS,0.13,-0.05,-0.18,0.13,0.17,0.13,0.02,-1.54,-1.66,-0.09
EPS Diluted,0.12,-0.05,-0.18,0.13,0.16,0.13,0.02,-1.54,-1.66,-0.09
Weighted Average Shs Out,44673000.0,43025000.0,36625000.0,37186000.0,37086000.0,36810000.0,36205000.0,36258000.0,32105708.0,31503115.0
Weighted Average Shs Out (Dil),46067000.0,43025000.0,36625000.0,38936000.0,38693000.0,38687000.0,37626000.0,36258000.0,32050000.0,31491000.0
Dividend per Share,0.0,0.0,0.0,0.133269981508,0.0,0.0,0.0,0.0,0.0,0.0
Gross Margin,0.420090728109,0.418929045757,0.388639208495,0.404028866374,0.407815205828,0.412343233072,0.406319230071,0.43162569269,0.4582,0.4902
EBITDA Margin,0.0769085720295,0.0844431913457,0.025769172144,0.0804769642516,0.09638531226,0.0918988349717,0.0817504993644,-0.268118378103,-0.318,0.079
EBIT Margin,0.0459696340053,0.033970929758,-0.0119723416736,0.0459520168228,0.0604817357371,0.0554597074632,0.0339827232872,-0.329899254986,-0.3928,0.0071
Profit Margin,0.0205860702254,-0.00790194172596,-0.0300463281586,0.0231361116421,0.0294728003931,0.0226370022087,0.00312848582324,-0.303303221888,-0.403,-0.021
Free Cash Flow margin,0.054861133775,0.0306988581138,0.0383373595259,0.0259749569872,0.0230754185014,0.100264477538,0.0462113154686,-0.00444080552634,0.0363,0.0212
EBITDA,21209000.0,22762000.0,5579000.0,16839000.0,20204000.0,19389000.0,15757000.0,-49448000.0,-42004000.0,10498000.0
EBIT,12677000.0,9157000.0,-2592000.0,9615000.0,12678000.0,11701000.0,6550000.0,-60842000.0,-51850000.0,936000.0
Consolidated Income,5677000.0,-2130000.0,-6505000.0,4841000.0,6178000.0,4776000.0,603000.0,-55937000.0,-53165000.0,-2836000.0
Earnings Before Tax Margin,0.0221634774032,0.00779064677208,-0.0245913376043,0.0389170330721,0.0499386977201,0.0428614763345,0.0168097745726,-0.348448700292,-0.4173,-0.0272
Net Profit Margin,0.0205860702254,-0.00790194172596,-0.0300463281586,0.0231361116421,0.0294728003931,0.0226370022087,0.00312848582324,-0.303303221888,-0.4027,-0.0214
