Date,2018-12-31,2017-12-31,2016-12-31,2015-12-31,2014-12-31,2013-12-31,2012-12-31,2011-12-31,2010-12-31,2009-12-31
Revenue,18213653.0,17243244.0,17569901.0,17562066.0,18489837.0,17491408.0,17312407.0,0.0,16517338.0,15121617.0
Revenue Growth,0.0562776354611696,-0.0185918520542603,0.000446132021141476,-0.0501773487781423,0.0570811109088531,0.0103394634841937,0.0,-1,0.0922997190049186,-0.0462
Cost of Revenue,11959626.0,11512699.0,11332991.0,11417474.0,11786608.0,10553553.0,10367563.0,0.0,9713054.0,9054771.0
Gross Profit,6254027.0,5730545.0,6236910.0,6144592.0,6703229.0,6937855.0,6944844.0,0.0,6804284.0,6066846.0
R&D Expenses,677242.0,688688.0,647065.0,660402.0,664999.0,649325.0,629776.0,0.0,695593.0,653747.0
SG&A Expense,5350966.0,5506466.0,5611849.0,5263372.0,5124764.0,5368400.0,5282187.0,0.0,4574452.0,4543448.0
Operating Expenses,6028208.0,6195154.0,6258914.0,5923774.0,5789763.0,6017725.0,5911963.0,0.0,5270045.0,5197195.0
Operating Income,225819.0,-464609.0,-22004.0,220818.0,913466.0,920130.0,1032881.0,0.0,1534239.0,869651.0
Interest Expense,90583.0,83080.0,58222.0,0.0,0.0,0.0,0.0,0.0,0.0,0.0
Earnings before Tax,185465.0,-524147.0,-69061.0,225007.0,918770.0,927173.0,1044931.0,0.0,1553920.0,-11360.0
Income Tax Expense,46000.0,-298000.0,-4000.0,90000.0,270000.0,245000.0,351000.0,0.0,440000.0,296000.0
Net Income - Non-Controlling int,0.0,0.0,0.0,0.0,0.0,0.0,0.0,0.0,0.0,0.0
Net Income - Discontinued ops,0.0,0.0,0.0,0.0,0.0,0.0,0.0,0.0,0.0,0.0
Net Income,139465.0,-226147.0,-65061.0,135007.0,648770.0,682173.0,693931.0,0.0,1113920.0,-307360.0
Preferred Dividends,0.0,0.0,0.0,0.0,0.0,0.0,0.0,0.0,0.0,0.0
Net Income Com,139465.0,-226147.0,-65061.0,135007.0,648770.0,682173.0,693931.0,0.0,1113920.0,-307360.0
EPS,0.07,-0.11,-0.03,0.07,0.32,0.34,0.35,0.0,0.56,-0.16
EPS Diluted,0.07,-0.11,-0.03,0.07,0.32,0.34,0.35,0.0,0.56,-0.16
Weighted Average Shs Out,1983553.0,2007613.0,2018649.0,2018253.0,2017144.0,2006843.0,1988066.0,0.0,1973107.0,1967057.0
Weighted Average Shs Out (Dil),1983553.0,2007613.0,2018649.0,2018591.0,2018334.0,2010659.0,1990847.0,0.0,1971717.0,1973739.0
Dividend per Share,0.0,0.0,0.0,0.0,0.0,0.0,1.00383153502,0.0,0.0,0.0
Gross Margin,0.343370272839,0.332335667233,0.354976957468,0.349878653229,0.362535862269,0.396643597817,0.401148378732,0.0,0.4119,0.4012
EBITDA Margin,0.0560644259556,0.0238083390805,0.0439692858827,0.0515535017349,0.0851737092112,0.0881710037294,0.0910757239014,0.0,0.122,0.031
EBIT Margin,0.0123983365665,-0.0269444079084,-0.00125236903725,0.0125735776189,0.0494036805192,0.05260468454,0.059661316881,0.0,0.0941,-0.0008
Profit Margin,0.00765716794978,-0.0131151075749,-0.00370298045504,0.00768742128631,0.0350879242472,0.0390004623985,0.0400828723585,0.0,0.067,-0.02
Free Cash Flow margin,0.0374235745021,-0.0014730406877,-0.0653093605934,-0.0797520063983,0.026083788624,0.0402480463551,0.035548551972,0.0,0.0835,0.0859
EBITDA,1021138.0,410533.0,772536.0,905386.0,1574848.0,1542235.0,1576740.0,0.0,2007354.0,468464.0
EBIT,225819.0,-464609.0,-22004.0,220818.0,913466.0,920130.0,1032881.0,0.0,1553920.0,-11360.0
Consolidated Income,139465.0,-226147.0,-65061.0,135007.0,648770.0,682173.0,693931.0,0.0,1113920.0,-307360.0
Earnings Before Tax Margin,0.0101827458775,-0.0303972384779,-0.00393064252326,0.0128121030863,0.049690540809,0.0530073393749,0.0603573495009,0.0,0.0941,-0.0008
Net Profit Margin,0.00765716794978,-0.0131151075749,-0.00370298045504,0.00768742128631,0.0350879242472,0.0390004623985,0.0400828723585,0.0,0.0674,-0.0203
