Date,2018-12-31,2017-12-31,2016-12-31,2015-12-31,2014-12-31,2013-12-31,2012-12-31,2011-12-31,2010-12-31,2009-12-31
Revenue,110979000.0,35013000.0,57086000.0,63393000.0,52937000.0,47470000.0,32169000.0,30635000.0,31124000.0,27725000.0
Revenue Growth,2.16965127238454,-0.386662228917773,-0.0994904800214535,0.19751780418233,0.115167474194228,0.4756442537847,0.0500734454055819,-0.015711348155764,0.122596934174932,-0.0091
Cost of Revenue,218000.0,1817000.0,134000.0,13000.0,527000.0,541000.0,2742000.0,2649000.0,2901000.0,8289000.0
Gross Profit,110761000.0,33196000.0,56952000.0,63380000.0,52410000.0,46929000.0,29427000.0,27986000.0,28223000.0,19436000.0
R&D Expenses,9727000.0,11759000.0,13388000.0,14785000.0,11793000.0,10883000.0,8421000.0,8386000.0,8738000.0,12493000.0
SG&A Expense,47933000.0,66859000.0,58764000.0,43429000.0,34650000.0,32442000.0,26101000.0,19653000.0,23076000.0,35043000.0
Operating Expenses,57660000.0,78618000.0,72215000.0,58661000.0,46443000.0,43325000.0,34522000.0,28039000.0,33051000.0,49892000.0
Operating Income,53101000.0,-45422000.0,-15263000.0,4719000.0,5967000.0,3604000.0,-5095000.0,-53000.0,-4828000.0,-30456000.0
Interest Expense,0.0,0.0,0.0,0.0,0.0,0.0,0.0,0.0,0.0,0.0
Earnings before Tax,54735000.0,-44811000.0,-14509000.0,4449000.0,6319000.0,3672000.0,-4925000.0,151000.0,-4426000.0,-28589000.0
Income Tax Expense,392000.0,480000.0,25521000.0,1591000.0,2196000.0,-36483000.0,792000.0,1816000.0,1501000.0,-310000.0
Net Income - Non-Controlling int,0.0,0.0,0.0,0.0,0.0,0.0,0.0,0.0,0.0,0.0
Net Income - Discontinued ops,0.0,0.0,0.0,0.0,0.0,0.0,0.0,0.0,-130000.0,-577000.0
Net Income,54343000.0,-45291000.0,-39381000.0,2858000.0,4123000.0,40155000.0,-5564000.0,-1604000.0,-5927000.0,-28279000.0
Preferred Dividends,0.0,0.0,0.0,0.0,0.0,0.0,0.0,0.0,0.0,0.0
Net Income Com,54343000.0,-45291000.0,-39381000.0,2858000.0,4123000.0,40155000.0,-5564000.0,-1604000.0,-5927000.0,-28279000.0
EPS,1.78,-1.55,-1.37,0.1,0.15,1.42,-0.2,-0.06,-0.21,-1.01
EPS Diluted,1.73,-1.55,-1.37,0.1,0.14,1.37,-0.2,-0.06,-0.21,-1.01
Weighted Average Shs Out,30459000.0,29179000.0,28759000.0,28097000.0,28246000.0,28190000.0,27735000.0,0.0,28175759.0,27957359.0
Weighted Average Shs Out (Dil),31407000.0,29179000.0,28759000.0,29015000.0,29144000.0,29338000.0,27735000.0,0.0,28113000.0,27973000.0
Dividend per Share,0.0,0.0,0.0,0.0,0.0,0.0,0.0,0.0,0.0,0.0
Gross Margin,0.998035664405,0.948104989575,0.997652664401,0.99979493004,0.990044770199,0.988603328418,0.914762659703,0.913530275828,0.9068,0.701
EBITDA Margin,0.486182070482,-1.26964270414,-0.251427670532,0.0904674017636,0.123429737235,0.0898883505372,-0.0897447853524,0.0805940917252,-0.107,-0.975
EBIT Margin,0.478477910235,-1.29728957816,-0.267368531689,0.0744403956273,0.112718892268,0.0759216347167,-0.158382293512,-0.00173004733148,-0.1422,-1.0312
Profit Margin,0.489669216699,-1.2935481107,-0.689853904635,0.0450838420646,0.0778850331526,0.845902675374,-0.172961546831,-0.0523584135792,-0.19,-1.02
Free Cash Flow margin,0.629398354644,-1.25536229401,0.380110710157,0.0885744482829,-0.0092185050154,0.440657257215,-0.16316951102,0.0720744246777,-0.0637,-0.7173
EBITDA,53956000.0,-44454000.0,-14353000.0,5735000.0,6534000.0,4267000.0,-2887000.0,2469000.0,-3331000.0,-27026000.0
EBIT,53101000.0,-45422000.0,-15263000.0,4719000.0,5967000.0,3604000.0,-5095000.0,-53000.0,-4426000.0,-28589000.0
Consolidated Income,54343000.0,-45291000.0,-39381000.0,2858000.0,4123000.0,40155000.0,-5564000.0,-1604000.0,-5927000.0,-28279000.0
Earnings Before Tax Margin,0.493201416484,-1.27983891697,-0.254160389588,0.0701812502958,0.119368305722,0.0773541183906,-0.153097702757,0.0049290027746,-0.1422,-1.0312
Net Profit Margin,0.489669216699,-1.2935481107,-0.689853904635,0.0450838420646,0.0778850331526,0.845902675374,-0.172961546831,-0.0523584135792,-0.1904,-1.02
