Date,2018-12-31,2017-12-31,2016-12-31,2015-12-31,2014-12-31,2013-12-31,2012-12-31,2011-12-31,2010-12-31,2009-12-31
Revenue,71255000.0,47056000.0,44696000.0,38231000.0,40227000.0,30744000.0,28792000.0,0.0,192212000.0,171551000.0
Revenue Growth,0.514259605576335,0.0528011455163773,0.169103607020481,-0.0496184154920824,0.308450429352069,0.0677966101694915,0.0,-1,0.120436488274624,0.274
Cost of Revenue,0.0,0.0,0.0,0.0,0.0,0.0,0.0,0.0,0.0,0.0
Gross Profit,0.0,0.0,0.0,0.0,0.0,0.0,0.0,0.0,192212000.0,171551000.0
R&D Expenses,0.0,0.0,0.0,0.0,0.0,0.0,0.0,0.0,0.0,0.0
SG&A Expense,124328000.0,116600000.0,108636000.0,105068000.0,94044000.0,89894000.0,84014000.0,0.0,108839000.0,99455000.0
Operating Expenses,124328000.0,116600000.0,108636000.0,105068000.0,94044000.0,89894000.0,84014000.0,0.0,139745000.0,141815000.0
Operating Income,121622000.0,134545000.0,112075000.0,92178000.0,83744000.0,50254000.0,42627000.0,0.0,52467000.0,29736000.0
Interest Expense,25536000.0,18334000.0,18793000.0,20617000.0,20417000.0,23336000.0,23393000.0,0.0,0.0,0.0
Earnings before Tax,0.0,134545000.0,112075000.0,92178000.0,83744000.0,0.0,0.0,0.0,52467000.0,29736000.0
Income Tax Expense,34304000.0,47341000.0,35427000.0,27218000.0,23899000.0,16484000.0,14673000.0,0.0,12227000.0,6747000.0
Net Income - Non-Controlling int,0.0,0.0,0.0,0.0,0.0,0.0,0.0,0.0,0.0,0.0
Net Income - Discontinued ops,0.0,0.0,0.0,0.0,0.0,0.0,0.0,0.0,0.0,0.0
Net Income,121622000.0,87204000.0,76648000.0,64960000.0,59845000.0,50254000.0,42627000.0,0.0,40240000.0,22989000.0
Preferred Dividends,0.0,0.0,0.0,0.0,0.0,0.0,0.0,0.0,0.0,5698000.0
Net Income Com,121622000.0,87204000.0,76648000.0,64960000.0,59845000.0,50254000.0,42627000.0,0.0,40240000.0,17291000.0
EPS,4.41,3.19,2.9,2.51,2.5,2.18,1.96,0.0,1.9,0.88
EPS Diluted,4.4,3.19,2.9,2.5,2.49,2.18,1.95,0.0,1.9,0.88
Weighted Average Shs Out,27592380.0,27294028.0,26404071.0,25891382.0,23899562.0,23011814.0,21782499.0,0.0,21203622.0,20930171.0
Weighted Average Shs Out (Dil),27653808.0,27372104.0,26455918.0,25959948.0,23993377.0,23088578.0,21812316.0,0.0,21178117.0,19642965.0
Dividend per Share,1.45249435448,1.24378454795,1.12303795317,1.00816842931,0.935383126769,0.654955883381,1.03125225217,0.0,0.72,0.72
Gross Margin,0.0,0.0,0.0,0.0,0.0,0.0,0.0,0.0,1.0,1.0
EBITDA Margin,1.93131710055,3.19249404964,2.82864238411,2.73241610212,2.35550749497,1.91074681239,1.83519727702,0.0,0.324,0.207
EBIT Margin,1.70685565925,2.85925280517,2.50749507786,2.4110800136,2.08178586521,1.6345953682,1.48051542095,0.0,0.273,0.1733
Profit Margin,1.70685565925,1.85319619177,1.71487381421,1.69914467317,1.48768240237,1.6345953682,1.48051542095,0.0,0.209,0.101
Free Cash Flow margin,1.83469230229,2.24900119007,1.85566941113,2.06782454029,1.91565366545,4.29488680718,1.23023756599,0.0,0.2064,0.145
EBITDA,137616000.0,150226000.0,126429000.0,104463000.0,94755000.0,58744000.0,52839000.0,0.0,62347000.0,35480000.0
EBIT,121622000.0,134545000.0,112075000.0,92178000.0,83744000.0,50254000.0,42627000.0,0.0,52467000.0,29736000.0
Consolidated Income,121622000.0,87204000.0,76648000.0,64960000.0,59845000.0,50254000.0,42627000.0,0.0,40240000.0,22989000.0
Earnings Before Tax Margin,0.0,2.85925280517,2.50749507786,2.4110800136,2.08178586521,0.0,0.0,0.0,0.273,0.1733
Net Profit Margin,1.70685565925,1.85319619177,1.71487381421,1.69914467317,1.48768240237,1.6345953682,1.48051542095,0.0,0.2094,0.134
