Date,2018-12-31,2017-12-31,2016-12-31,2015-12-31,2014-12-31,2013-12-31,2012-12-31,2011-12-31,2010-12-31,2009-12-31
Revenue,22146000.0,6000000.0,18723000.0,109066000.0,164995000.0,896000.0,0.0,0.0,71331000.0,50765462.0
Revenue Growth,2.691,-0.679538535491107,-0.828333302770799,-0.338973908300252,183.146205357143,0.0,0.0,-1,0.405108851368279,-0.3927
Cost of Revenue,69000.0,0.0,0.0,0.0,0.0,0.0,0.0,0.0,0.0,0.0
Gross Profit,22077000.0,0.0,0.0,0.0,0.0,0.0,0.0,0.0,71331000.0,50765462.0
R&D Expenses,19758000.0,20830000.0,119611000.0,199109000.0,143633000.0,99760000.0,118595000.0,108582411.0,99232000.0,77856836.0
SG&A Expense,14248000.0,21615000.0,42219000.0,37065000.0,29285000.0,27916000.0,27882000.0,22718634.0,21070000.0,19456341.0
Operating Expenses,34075000.0,42445000.0,161830000.0,236174000.0,172918000.0,127676000.0,146477000.0,131301045.0,120302000.0,97313177.0
Operating Income,-11929000.0,-36445000.0,-30891000.0,-127108000.0,-7923000.0,-127676000.0,-52808000.0,-38527883.0,-48971000.0,-46547715.0
Interest Expense,93000.0,1010000.0,1225000.0,1368000.0,9649000.0,0.0,1908000.0,1840970.0,1910000.0,1300184.0
Earnings before Tax,-11253000.0,-42550000.0,-30101000.0,0.0,0.0,0.0,0.0,-40042101.0,-49684000.0,-31608083.0
Income Tax Expense,0.0,-700000.0,0.0,335000.0,183000.0,0.0,0.0,0.0,-700000.0,-329566.0
Net Income - Non-Controlling int,0.0,0.0,0.0,0.0,0.0,0.0,0.0,0.0,0.0,0.0
Net Income - Discontinued ops,0.0,0.0,0.0,0.0,0.0,0.0,0.0,0.0,0.0,0.0
Net Income,-11253000.0,-41830000.0,-30101000.0,-128376000.0,-17416000.0,-126780000.0,-53964000.0,-40042101.0,-48984000.0,-31278517.0
Preferred Dividends,0.0,0.0,0.0,0.0,0.0,0.0,0.0,0.0,0.0,0.0
Net Income Com,-11253000.0,-41830000.0,-30101000.0,-128376000.0,-17416000.0,-126780000.0,-53964000.0,-40042101.0,-48984000.0,-31278517.0
EPS,-0.2,-0.83,-0.61,-2.62,-0.36,-2.64,-1.7,-1.5,-1.86,-1.2
EPS Diluted,-0.2,-0.83,-0.61,-2.62,-0.36,-2.64,-1.7,-1.5,-1.86,-1.2
Weighted Average Shs Out,55411370.0,50560195.0,49608234.0,49083479.0,48561653.0,47936001.0,31711264.0,0.0,26368479.0,26198513.0
Weighted Average Shs Out (Dil),55411370.0,50560195.0,49608234.0,49083479.0,48561653.0,47936001.0,31711264.0,0.0,26321398.0,26096515.0
Dividend per Share,0.0,0.0,0.0,0.0,0.0,0.0,0.0,0.0,0.0,0.0
Gross Margin,0.996884313194,0.0,0.0,0.0,0.0,0.0,0.0,0.0,1.0,1.0
EBITDA Margin,-0.530027996026,-5.78416666667,-1.47583186455,-1.1384757853,0.0212067032334,-140.4609375,0.0,0.0,-0.555,
EBIT Margin,-0.538652578344,-6.07416666667,-1.64989585002,-1.16542277153,-0.0480196369587,-142.495535714,0.0,0.0,-0.6698,-0.597
Profit Margin,-0.508127878624,-6.97166666667,-1.6077017572,-1.17704875947,-0.105554713779,-141.495535714,0.0,0.0,-0.616,
Free Cash Flow margin,-0.212860110178,-6.12566666667,-8.2794958073,-0.825912750078,0.705191066396,-129.0859375,0.0,0.0,-0.4,-0.1419
EBITDA,-11738000.0,-34705000.0,-27632000.0,-124169000.0,3499000.0,-125853000.0,-51165000.0,-35654327.0,-45590000.0,-28153983.0
EBIT,-11929000.0,-36445000.0,-30891000.0,-127108000.0,-7923000.0,-127676000.0,-52808000.0,-38527883.0,-47774000.0,-30307899.0
Consolidated Income,-11253000.0,-41830000.0,-30101000.0,-128376000.0,-17416000.0,-126780000.0,-53964000.0,-40042101.0,-48984000.0,-31278517.0
Earnings Before Tax Margin,-0.508127878624,-7.09166666667,-1.6077017572,0.0,0.0,0.0,0.0,0.0,-0.6965,-0.6226
Net Profit Margin,-0.508127878624,-6.97166666667,-1.6077017572,-1.17704875947,-0.105554713779,-141.495535714,0.0,0.0,-0.6867,-0.6161
