Date,2018-12-31,2017-12-31,2016-12-31,2015-12-31,2014-12-31,2013-12-31,2012-12-31,2011-12-31,2010-12-31,2009-12-31
Revenue,202463000.0,219297000.0,243555000.0,220942000.0,185245000.0,335053000.0,344288000.0,402862000.0,338942000.0,337422000.0
Revenue Growth,-0.0767634760165438,-0.099599679743795,0.10234812756289,0.192701557396961,-0.447117321737158,-0.0268234733711311,-0.145394700914954,0.188586837866066,0.00450474480027977,0.0512
Cost of Revenue,131866000.0,151962000.0,167227000.0,161989000.0,148198000.0,266759000.0,271845000.0,318270000.0,272648000.0,249764000.0
Gross Profit,70597000.0,67335000.0,76328000.0,58953000.0,37047000.0,68294000.0,72443000.0,84592000.0,66294000.0,87658000.0
R&D Expenses,20593000.0,21362000.0,30655000.0,35446000.0,34314000.0,48246000.0,60422000.0,61392000.0,48906000.0,44892000.0
SG&A Expense,48352000.0,59434000.0,82169000.0,55351000.0,29194000.0,45077000.0,50169000.0,51430000.0,42211000.0,40016000.0
Operating Expenses,68945000.0,89549000.0,121332000.0,96744000.0,72620000.0,111515000.0,161186000.0,118319000.0,91296000.0,84908000.0
Operating Income,14011000.0,-22214000.0,-45004000.0,-37791000.0,-35573000.0,-43221000.0,-88743000.0,-33727000.0,-25002000.0,2750000.0
Interest Expense,0.0,0.0,0.0,0.0,0.0,0.0,0.0,0.0,2518000.0,-1374000.0
Earnings before Tax,-7328000.0,-45626000.0,-60187000.0,-52113000.0,-39105000.0,-43330000.0,-88655000.0,-34395000.0,-25557000.0,4439000.0
Income Tax Expense,815000.0,214000.0,381000.0,181000.0,124000.0,83000.0,611000.0,-9503000.0,7893000.0,527000.0
Net Income - Non-Controlling int,0.0,0.0,0.0,0.0,0.0,0.0,0.0,0.0,0.0,0.0
Net Income - Discontinued ops,0.0,0.0,0.0,0.0,0.0,0.0,0.0,0.0,0.0,0.0
Net Income,-8058000.0,-45735000.0,-60573000.0,-52286000.0,-39674000.0,-43413000.0,-89266000.0,-24892000.0,-33450000.0,3912000.0
Preferred Dividends,0.0,0.0,0.0,0.0,0.0,0.0,0.0,0.0,0.0,0.0
Net Income Com,-8058000.0,-45735000.0,-60573000.0,-52286000.0,-39674000.0,-43413000.0,-89266000.0,-24892000.0,-33450000.0,3912000.0
EPS,-0.12,-0.78,-1.12,-0.99,-1.05,-1.28,-2.72,-0.78,-1.06,0.13
EPS Diluted,-0.12,-0.78,-1.12,-0.99,-1.05,-1.28,-2.72,-0.78,-1.06,0.13
Weighted Average Shs Out,66104376.0,58718483.0,53911270.0,52767000.0,37959000.0,33948000.0,32852000.0,32043000.0,31638137.0,30846703.0
Weighted Average Shs Out (Dil),66104376.0,58718483.0,53911270.0,52767000.0,37959000.0,33948000.0,32852000.0,32043000.0,31494000.0,30648000.0
Dividend per Share,0.0,0.0,0.0,0.0,0.0,0.0,0.0,0.0,0.0,0.0
Gross Margin,0.348690871912,0.30704934404,0.313391225801,0.266825682758,0.199989203487,0.203830438766,0.210413955758,0.209977610199,0.1956,0.2598
EBITDA Margin,0.185298054459,0.0106841406859,-0.0848884235594,-0.0935946990613,-0.152041890469,-0.102288294688,-0.22192466772,-0.0393658374332,-0.033,0.048
EBIT Margin,0.0692027679131,-0.101296415364,-0.184779618567,-0.171044889609,-0.192032173608,-0.128997501888,-0.257758039781,-0.0837184941742,-0.068,0.0091
Profit Margin,-0.0397998646666,-0.20855278458,-0.248703578247,-0.236650342624,-0.214170422953,-0.129570545555,-0.259277116832,-0.0617879075217,-0.099,0.012
Free Cash Flow margin,-0.0153262571433,-0.074902985449,-0.0329206955308,-0.130853346127,-0.0972765796648,-0.0944268518712,-0.100084812715,-0.0186614771311,-0.0135,0.0916
EBITDA,37516000.0,2343000.0,-20675000.0,-20679000.0,-28165000.0,-34272000.0,-76406000.0,-15859000.0,-11328000.0,16059000.0
EBIT,14011000.0,-22214000.0,-45004000.0,-37791000.0,-35573000.0,-43221000.0,-88743000.0,-33727000.0,-23039000.0,3065000.0
Consolidated Income,-8058000.0,-45735000.0,-60573000.0,-52286000.0,-39674000.0,-43413000.0,-89266000.0,-24892000.0,-33450000.0,3912000.0
Earnings Before Tax Margin,-0.0361942675946,-0.208055741757,-0.247118720618,-0.235867331698,-0.211098815083,-0.129322823553,-0.257502439818,-0.0853766302108,-0.0754,0.0132
Net Profit Margin,-0.0397998646666,-0.20855278458,-0.248703578247,-0.236650342624,-0.214170422953,-0.129570545555,-0.259277116832,-0.0617879075217,-0.0987,0.0116
