Date,2018-12-31,2017-12-31,2016-12-31,2015-12-31,2014-12-31,2013-12-31,2012-12-31,2011-12-31,2010-12-31,2009-12-31
Revenue,73330642.0,79554493.0,71530102.0,70438116.0,49599486.0,54990340.0,53362945.0,0.0,48969847.0,39807107.0
Revenue Growth,-0.0782338088685953,0.112182015342296,0.0155027712552675,0.420138023204515,-0.0980327453876444,0.0304967238970788,0.0,-1,0.230178495513377,-0.3851
Cost of Revenue,29921482.0,36669543.0,21364795.0,23721996.0,20424561.0,28784887.0,25635510.0,0.0,29255310.0,24773707.0
Gross Profit,43409160.0,42884950.0,50165307.0,46716120.0,29174925.0,26205453.0,27727435.0,0.0,19714537.0,15033400.0
R&D Expenses,0.0,0.0,0.0,0.0,0.0,0.0,0.0,0.0,0.0,0.0
SG&A Expense,8502874.0,8342906.0,4996482.0,4645697.0,4397212.0,5776529.0,9249678.0,0.0,7627703.0,8190809.0
Operating Expenses,48879540.0,47121424.0,51022473.0,44569147.0,26677916.0,26188548.0,34255334.0,0.0,23402484.0,19264283.0
Operating Income,-5470380.0,-4236474.0,-857166.0,2146973.0,2497009.0,16905.0,-6527899.0,0.0,-3687947.0,-4230883.0
Interest Expense,0.0,0.0,0.0,0.0,0.0,356956.0,563198.0,0.0,564001.0,839234.0
Earnings before Tax,-5890832.0,-4554667.0,-957131.0,2005662.0,2145784.0,-340051.0,-7166097.0,0.0,-5003607.0,-5391114.0
Income Tax Expense,0.0,-1498076.0,-29260.0,-300143.0,0.0,-313645.0,-326779.0,0.0,2642.0,0.0
Net Income - Non-Controlling int,0.0,0.0,0.0,0.0,0.0,0.0,0.0,0.0,0.0,0.0
Net Income - Discontinued ops,0.0,0.0,0.0,0.0,0.0,0.0,0.0,0.0,368223.0,310243.0
Net Income,-5900000.0,-3057700.0,-772584.0,2339774.0,2105114.0,477216.0,-7022845.0,0.0,-5006249.0,-5391114.0
Preferred Dividends,0.0,0.0,0.0,0.0,0.0,0.0,0.0,0.0,0.0,0.0
Net Income Com,-5900000.0,-3057700.0,-772584.0,2339774.0,2105114.0,477216.0,-7022845.0,0.0,-5006249.0,-5391114.0
EPS,-0.19,-0.11,-0.03,0.1,0.09,0.02,-0.34,0.0,-0.59,-0.81
EPS Diluted,-0.19,-0.11,-0.04,0.1,0.09,0.02,-0.33,0.0,-0.59,-0.81
Weighted Average Shs Out,31019623.0,28155320.0,24660995.0,24249852.0,23527872.0,23281439.0,21004235.0,0.0,8549989.0,6776899.0
Weighted Average Shs Out (Dil),31019623.0,28155320.0,24660995.0,24539555.0,24145823.0,23281439.0,21004235.0,0.0,8496284.0,6679319.0
Dividend per Share,0.0,0.0,0.0,0.0,0.0,0.0,0.0,0.0,0.0,0.0
Gross Margin,0.591964816018,0.539063833893,0.701317425774,0.663222167952,0.58821022863,0.476546480709,0.51960091408,0.0,0.4026,0.3777
EBITDA Margin,-0.0312385646371,-0.0145242959439,0.0196249125997,0.0567835601963,0.0870836645364,0.0564721003725,0.0167157753381,0.0,0.013,0.029
EBIT Margin,-0.0745988286861,-0.0532524794043,-0.0119832906152,0.030480272925,0.0503434450913,0.000307417630078,-0.122330186237,0.0,-0.0907,-0.1143
Profit Margin,-0.0804574982447,-0.0384352898836,-0.0108008234072,0.0332174415341,0.0424422543411,0.00867817874921,-0.131605274034,0.0,-0.102,-0.135
Free Cash Flow margin,-0.0509348602185,-0.0340266639623,-0.000885669085164,0.0650270657438,0.0625798017342,0.0205871976787,0.00180385471604,0.0,0.0553,0.0829
EBITDA,-2290744.0,-1155473.0,1403772.0,3999727.0,4319305.0,3105420.0,892003.0,0.0,628376.0,1152124.0
EBIT,-5470380.0,-4236474.0,-857166.0,2146973.0,2497009.0,16905.0,-6527899.0,0.0,-4439606.0,-4551880.0
Consolidated Income,-5900000.0,-3057700.0,-772584.0,2339774.0,2105114.0,477216.0,-7022845.0,0.0,-5006249.0,-5391114.0
Earnings Before Tax Margin,-0.0803324754746,-0.0572521655062,-0.0133808141361,0.028474100585,0.0432622225158,-0.00618383156023,-0.134289758558,0.0,-0.1022,-0.1354
Net Profit Margin,-0.0804574982447,-0.0384352898836,-0.0108008234072,0.0332174415341,0.0424422543411,0.00867817874921,-0.131605274034,0.0,-0.1022,-0.1354
