Date,2018-12-31,2017-12-31,2016-12-31,2015-12-31,2014-12-31,2013-12-31,2012-12-31,2011-12-31,2010-12-31,2009-12-31
Revenue,15668200000.0,14197600000.0,13508900000.0,13300700000.0,12891400000.0,12350500000.0,14034900000.0,14782000000.0,14079100000.0,13009100000.0
Revenue Growth,0.103580886910464,0.0509812049833813,0.0156533114798469,0.0317498487363669,0.0437957977409821,-0.120015105202032,-0.0505411987552429,0.0499250662329268,0.0822501172256344,-0.0028
Cost of Revenue,10847600000.0,9811600000.0,9329300000.0,9301600000.0,8982800000.0,8675500000.0,9758200000.0,10493600000.0,10158500000.0,9437100000.0
Gross Profit,4820600000.0,4386000000.0,4179600000.0,3999100000.0,3908600000.0,3675000000.0,4276700000.0,4288400000.0,3920600000.0,3572000000.0
R&D Expenses,0.0,210800000.0,207900000.0,205900000.0,212300000.0,218200000.0,273600000.0,257300000.0,244000000.0,0.0
SG&A Expense,2903200000.0,2720700000.0,2606500000.0,2541100000.0,2503900000.0,2570000000.0,2776000000.0,2781200000.0,2673100000.0,2686800000.0
Operating Expenses,2903200000.0,2931500000.0,2814400000.0,2747000000.0,2716200000.0,2788200000.0,3049600000.0,3038500000.0,2917100000.0,2686800000.0
Operating Income,1917400000.0,1665300000.0,1573100000.0,1458000000.0,1404700000.0,1105000000.0,1505200000.0,860300000.0,1247500000.0,885200000.0
Interest Expense,220700000.0,215800000.0,221500000.0,223000000.0,225300000.0,278800000.0,253500000.0,280000000.0,283200000.0,301600000.0
Earnings before Tax,1660300000.0,1417900000.0,1741300000.0,1247900000.0,1209400000.0,829600000.0,1276700000.0,613300000.0,1006600000.0,532800000.0
Income Tax Expense,281300000.0,80200000.0,281500000.0,540800000.0,293700000.0,189000000.0,227000000.0,187200000.0,224800000.0,81500000.0
Net Income - Non-Controlling int,0.0,0.0,0.0,0.0,0.0,0.0,0.0,0.0,0.0,24900000.0
Net Income - Discontinued ops,0.0,0.0,0.0,0.0,0.0,0.0,0.0,0.0,0.0,36600000.0
Net Income,1337600000.0,1302600000.0,1476200000.0,664600000.0,931700000.0,618800000.0,1018600000.0,343200000.0,642200000.0,451300000.0
Preferred Dividends,0.0,0.0,0.0,0.0,0.0,0.0,0.0,0.0,0.0,0.0
Net Income Com,1337600000.0,1302600000.0,1476200000.0,664600000.0,931700000.0,618800000.0,1018600000.0,343200000.0,642200000.0,451300000.0
EPS,5.41,5.11,5.7,2.51,3.44,2.11,3.35,1.06,1.98,1.41
EPS Diluted,5.35,5.05,5.65,2.48,3.4,2.07,3.28,1.01,1.89,1.37
Weighted Average Shs Out,247200000.0,254900000.0,259200000.0,265100000.0,270500000.0,294100000.0,303900000.0,324800000.0,324700000.0,320059548.0
Weighted Average Shs Out (Dil),250100000.0,258100000.0,261700000.0,267800000.0,274300000.0,298300000.0,310600000.0,339300000.0,339800000.0,320059548.0
Dividend per Share,1.91723310676,1.66640836885,1.33205961024,1.13256161314,0.965001822822,0.822996982903,0.619446233097,0.404656646036,0.266921718658,0.5
Gross Margin,0.307667760177,0.308925452189,0.309396027804,0.300668385874,0.303194377647,0.297558803287,0.304718950616,0.290109592748,0.278469504443,0.2746
EBITDA Margin,0.145447466844,0.142178959824,0.14252085662,0.136992789853,0.134748747227,0.116489210963,0.134001667272,0.085441753484,0.119652534608,0.097
EBIT Margin,0.12237525689,0.117294472305,0.116449155742,0.109618290767,0.108964115612,0.0894700619408,0.107246934428,0.0581991611419,0.0886065160415,0.0641
Profit Margin,0.0853703680065,0.0917479010537,0.109276106863,0.0499672949544,0.0722729881937,0.0501032346869,0.072576220707,0.0232174265999,0.0456137111037,0.035
Free Cash Flow margin,0.0665168940912,0.0917197272778,0.0975282961603,0.0452231837422,0.0573793381634,0.0751548520303,0.0654297501229,0.0667906913814,0.0409685278178,0.1193
EBITDA,2278900000.0,2018600000.0,1925300000.0,1822100000.0,1737100000.0,1438700000.0,1880700000.0,1263000000.0,1684600000.0,1255900000.0
EBIT,1917400000.0,1665300000.0,1573100000.0,1458000000.0,1404700000.0,1105000000.0,1505200000.0,860300000.0,1247500000.0,834400000.0
Consolidated Income,1337600000.0,1302600000.0,1476200000.0,664600000.0,931700000.0,618800000.0,1018600000.0,343200000.0,642200000.0,476200000.0
Earnings Before Tax Margin,0.105966224582,0.0998689919423,0.128900206531,0.0938221296623,0.0938144809718,0.0671713695802,0.0909660916715,0.0414896495738,0.0714960473326,0.041
Net Profit Margin,0.0853703680065,0.0917479010537,0.109276106863,0.0499672949544,0.0722729881937,0.0501032346869,0.072576220707,0.0232174265999,0.0456137111037,0.0347
