Date,2019-03-31,2018-03-31,2017-03-31,2016-03-31,2015-03-31,2014-03-31,2013-03-31,2012-03-31,2011-03-31,2010-03-31
Revenue,99123000.0,103729000.0,95982000.0,77748000.0,72251000.0,68228000.0,61685000.0,58406000.0,51966000.0,51754000.0
Revenue Growth,-0.044404168554599,0.0807130503636098,0.234526933168699,0.0760819919447482,0.0589640616755584,0.106071168031126,0.0561414923124337,0.123927183158219,0.00409630173513158,-0.2538
Cost of Revenue,60517000.0,63898000.0,58580000.0,47079000.0,44069000.0,42254000.0,38427000.0,35335000.0,29082000.0,29712000.0
Gross Profit,38606000.0,39831000.0,37402000.0,30669000.0,28182000.0,25974000.0,23258000.0,23071000.0,22884000.0,22042000.0
R&D Expenses,7819000.0,7945000.0,6877000.0,6933000.0,5396000.0,4029000.0,3071000.0,3183000.0,2444000.0,2646000.0
SG&A Expense,38471000.0,37400000.0,33313000.0,26846000.0,24425000.0,19269000.0,18090000.0,17986000.0,16981000.0,15709000.0
Operating Expenses,46565000.0,45433000.0,42639000.0,34139000.0,30261000.0,23950000.0,21624000.0,21169000.0,27571000.0,18468000.0
Operating Income,-7959000.0,-5602000.0,-5237000.0,-3470000.0,-2079000.0,2024000.0,1634000.0,2017000.0,-4687000.0,3574000.0
Interest Expense,0.0,0.0,0.0,0.0,0.0,0.0,0.0,0.0,152000.0,264000.0
Earnings before Tax,-7780000.0,-5586000.0,-5231000.0,-3456000.0,-2093000.0,2024000.0,1630000.0,1949000.0,-4931000.0,3163000.0
Income Tax Expense,36000.0,-1818000.0,-44000.0,9079000.0,-816000.0,704000.0,716000.0,643000.0,278000.0,960000.0
Net Income - Non-Controlling int,0.0,0.0,0.0,0.0,0.0,0.0,0.0,0.0,0.0,0.0
Net Income - Discontinued ops,0.0,0.0,0.0,0.0,0.0,0.0,0.0,0.0,55000.0,191000.0
Net Income,-7816000.0,-3526000.0,-4826000.0,-12321000.0,-1070000.0,1409000.0,2379000.0,2514000.0,-5209000.0,2203000.0
Preferred Dividends,0.0,0.0,0.0,0.0,0.0,0.0,0.0,0.0,0.0,0.0
Net Income Com,-7816000.0,-3526000.0,-4826000.0,-12321000.0,-1070000.0,1409000.0,2379000.0,2514000.0,-5209000.0,2203000.0
EPS,-0.23,-0.11,-0.15,-0.39,-0.03,0.04,0.07,0.07,-0.15,0.06
EPS Diluted,-0.23,-0.11,-0.15,-0.38,-0.03,0.04,0.07,0.07,-0.15,0.06
Weighted Average Shs Out,33266000.0,32776000.0,32174000.0,32049000.0,32595000.0,32665000.0,33491000.0,34259000.0,34337756.0,34286756.0
Weighted Average Shs Out (Dil),33266000.0,32776000.0,32174000.0,32049000.0,32595000.0,32847000.0,33609000.0,34380000.0,34335000.0,34249000.0
Dividend per Share,0.0,0.0,0.0,0.0,0.0,0.0,0.0,0.0,0.0,0.0
Gross Margin,0.389475701906,0.383990976487,0.389677231148,0.394466738694,0.390056885026,0.380694143167,0.377044662398,0.395010786563,0.4404,0.4259
EBITDA Margin,-0.060329086085,-0.0391115310087,-0.0404763393136,-0.0295184442044,-0.0132454914119,0.0516650055696,0.051536029829,0.0586926000753,-0.068,0.088
EBIT Margin,-0.0802941799582,-0.0540061120805,-0.0545623137672,-0.0446313731543,-0.0287746882396,0.0296652400774,0.0264894220637,0.0345341232065,-0.092,0.0662
Profit Margin,-0.0788515278997,-0.0339924225626,-0.0502802608822,-0.158473529866,-0.0148094836058,0.0206513454887,0.0385669125395,0.0430435229257,-0.1,0.043
Free Cash Flow margin,-0.0636986370469,-0.0129857609733,0.023285616053,-0.0638730256727,0.0358610953482,0.041361317934,-0.0132122882386,-0.0057699551416,0.0949,0.1196
EBITDA,-5980000.0,-4057000.0,-3885000.0,-2295000.0,-957000.0,3525000.0,3179000.0,3428000.0,-3527000.0,4572000.0
EBIT,-7959000.0,-5602000.0,-5237000.0,-3470000.0,-2079000.0,2024000.0,1634000.0,2017000.0,-4779000.0,3427000.0
Consolidated Income,-7816000.0,-3526000.0,-4826000.0,-12321000.0,-1070000.0,1409000.0,2379000.0,2514000.0,-5209000.0,2203000.0
Earnings Before Tax Margin,-0.0784883427661,-0.0538518639917,-0.0544998020462,-0.0444513042136,-0.028968457184,0.0296652400774,0.0264245764773,0.033369859261,-0.0949,0.0611
Net Profit Margin,-0.0788515278997,-0.0339924225626,-0.0502802608822,-0.158473529866,-0.0148094836058,0.0206513454887,0.0385669125395,0.0430435229257,-0.1002,0.0426
