Date,2018-12-31,2017-12-31,2016-12-31,2015-12-31,2014-12-31,2013-12-31,2012-12-31,2011-12-31,2010-12-31,2009-12-31
Revenue,16318400000.0,7932400000.0,6803800000.0,5965671000.0,5429603000.0,4461591000.0,3932830000.0,3584544000.0,2925613000.0,2480736000.0
Revenue Growth,1.0571831980233,0.165877891766366,0.140491991596587,0.0987306070075473,0.216965651938961,0.134447967494145,0.0971632653972165,0.22522835385268,0.179332665789508,-0.0804
Cost of Revenue,0.0,0.0,0.0,0.0,0.0,0.0,0.0,0.0,0.0,0.0
Gross Profit,0.0,0.0,0.0,0.0,0.0,0.0,0.0,0.0,0.0,2480736000.0
R&D Expenses,0.0,0.0,0.0,0.0,0.0,0.0,0.0,0.0,0.0,0.0
SG&A Expense,5206800000.0,4572200000.0,3983100000.0,3564536000.0,3258673000.0,2817059000.0,2546965000.0,2330520000.0,1899181000.0,2233574000.0
Operating Expenses,15611500000.0,7395500000.0,6363200000.0,5435873000.0,4963939000.0,4092772000.0,3643427000.0,3333339000.0,2664955000.0,2364332000.0
Operating Income,706900000.0,536900000.0,440600000.0,529798000.0,465664000.0,368819000.0,289403000.0,251205000.0,260658000.0,116404000.0
Interest Expense,0.0,0.0,0.0,28127000.0,28321000.0,34718000.0,35173000.0,0.0,45802000.0,55018000.0
Earnings before Tax,706000000.0,525100000.0,442400000.0,579146000.0,485608000.0,365444000.0,278087000.0,221999000.0,0.0,2082000.0
Income Tax Expense,214300000.0,267800000.0,108000000.0,132805000.0,97588000.0,92092000.0,69244000.0,56387000.0,49038000.0,5677000.0
Net Income - Non-Controlling int,0.0,0.0,0.0,0.0,0.0,0.0,0.0,0.0,0.0,437000.0
Net Income - Discontinued ops,0.0,0.0,0.0,0.0,0.0,0.0,0.0,0.0,0.0,0.0
Net Income,484500000.0,254200000.0,318200000.0,438672000.0,386063000.0,269865000.0,208050000.0,164384000.0,153902000.0,-3595000.0
Preferred Dividends,0.0,0.0,0.0,0.0,0.0,0.0,0.0,0.0,0.0,514000.0
Net Income Com,484500000.0,254200000.0,318200000.0,438672000.0,386063000.0,269865000.0,208050000.0,164384000.0,153902000.0,-4109000.0
EPS,10.64,5.6,7.04,9.75,8.63,6.09,4.73,3.8,3.63,-0.11
EPS Diluted,10.54,5.55,6.98,9.65,8.52,5.98,4.63,3.7,3.48,-0.11
Weighted Average Shs Out,45517000.0,45316000.0,45154000.0,44940042.0,44684482.0,44258878.0,43848737.0,43170383.0,42295526.0,41835565.0
Weighted Average Shs Out (Dil),45931000.0,45758000.0,45528000.0,45414898.0,45260563.0,45072120.0,44799437.0,44367359.0,44084154.0,38543087.0
Dividend per Share,0.822973590821,0.723370776695,0.645756457565,0.56353754224,0.483533534481,0.444310141169,0.406679217866,0.303917120692,0.203270317947,0.2
Gross Margin,0.0,0.0,0.0,0.0,0.0,0.0,0.0,0.0,0.0,1.0
EBITDA Margin,0.0563658201784,0.0919015682517,0.0900232223169,0.11143021464,0.107534381427,0.10664626139,0.102944698856,0.103896897346,0.12961659659,0.057
EBIT Margin,0.0433191979606,0.0676844334628,0.0647579293924,0.0888077803821,0.0857639131259,0.0826653541304,0.0735864504695,0.0700800436541,0.0890951742421,0.023
Profit Margin,0.0296904108246,0.0320457868993,0.046767982598,0.0735327174428,0.0711033569121,0.0604862704806,0.0529008373105,0.0458591106707,0.0526050437977,-0.002
Free Cash Flow margin,0.0341332483577,0.0992007463063,0.0168582262853,0.0379955582532,0.062980847771,0.0408746565967,0.0590432334985,0.033245511842,0.115073661486,0.0832
EBITDA,919800000.0,729000000.0,612500000.0,664756000.0,583869000.0,475812000.0,404864000.0,372423000.0,379208000.0,140435000.0
EBIT,706900000.0,536900000.0,440600000.0,529798000.0,465664000.0,368819000.0,289403000.0,251205000.0,260658000.0,57100000.0
Consolidated Income,484500000.0,254200000.0,318200000.0,438672000.0,386063000.0,269865000.0,208050000.0,164384000.0,153902000.0,-3158000.0
Earnings Before Tax Margin,0.0432640454947,0.0661968634965,0.0650224874335,0.0970797752675,0.0894371098587,0.0819088975211,0.0707091331179,0.0619322848318,0.0,0.0008
Net Profit Margin,0.0296904108246,0.0320457868993,0.046767982598,0.0735327174428,0.0711033569121,0.0604862704806,0.0529008373105,0.0458591106707,0.0526050437977,-0.0014
