Date,2018-12-31,2017-12-31,2016-12-31,2015-12-31,2014-12-31,2013-12-31,2012-12-31,2011-12-31,2010-12-31,2009-12-31
Revenue,1.09029e+11,99624000000.0,95668000000.0,93543000000.0,94205000000.0,96606000000.0,97031000000.0,97234000000.0,0.0,100434000000.0
Revenue Growth,0.0944049626596001,0.0413513400510097,0.0227168254171878,-0.00702722785414787,-0.0248535287663292,-0.00438004349125537,-0.00208774708435321,0.0,-1,0.4934
Cost of Revenue,0.0,0.0,0.0,0.0,0.0,0.0,0.0,0.0,0.0,0.0
Gross Profit,0.0,0.0,0.0,0.0,0.0,0.0,0.0,0.0,0.0,100434000000.0
R&D Expenses,8802000000.0,7706000000.0,6846000000.0,6193000000.0,5804000000.0,5425000000.0,5224000000.0,0.0,0.0,0.0
SG&A Expense,33117000000.0,31009000000.0,29979000000.0,29750000000.0,30160000000.0,30810000000.0,30585000000.0,29037000000.0,0.0,43227000000.0
Operating Expenses,41919000000.0,38715000000.0,36825000000.0,35943000000.0,35964000000.0,36872000000.0,36766000000.0,29885000000.0,0.0,52352000000.0
Operating Income,40764000000.0,35900000000.0,34536000000.0,30702000000.0,29792000000.0,17923000000.0,21284000000.0,18976000000.0,24859000000.0,48082000000.0
Interest Expense,22383000000.0,14275000000.0,9818000000.0,7463000000.0,7897000000.0,9677000000.0,11153000000.0,13604000000.0,0.0,0.0
Earnings before Tax,40764000000.0,35900000000.0,34536000000.0,30702000000.0,29792000000.0,25914000000.0,4395000000.0,26749000000.0,24859000000.0,13189000000.0
Income Tax Expense,8290000000.0,11459000000.0,9803000000.0,6260000000.0,8030000000.0,7991000000.0,7633000000.0,7773000000.0,0.0,4415000000.0
Net Income - Non-Controlling int,0.0,0.0,0.0,0.0,0.0,0.0,0.0,0.0,0.0,2954000000.0
Net Income - Discontinued ops,0.0,0.0,0.0,0.0,0.0,0.0,0.0,0.0,0.0,0.0
Net Income,32474000000.0,24441000000.0,24733000000.0,24442000000.0,21762000000.0,17923000000.0,21284000000.0,18976000000.0,24859000000.0,8774000000.0
Preferred Dividends,1551000000.0,1663000000.0,1647000000.0,1515000000.0,1125000000.0,805000000.0,653000000.0,629000000.0,0.0,0.0
Net Income Com,32474000000.0,24441000000.0,24733000000.0,24442000000.0,21762000000.0,17923000000.0,21284000000.0,18976000000.0,24859000000.0,8774000000.0
EPS,9.04,6.35,6.24,6.05,5.34,4.39,5.22,4.5,0.0,2.27
EPS Diluted,9.0,6.31,6.19,6.0,5.29,4.35,5.2,4.48,0.0,2.26
Weighted Average Shs Out,3396400000.0,3551600000.0,3618500000.0,3700400000.0,3763500000.0,3782400000.0,3809400000.0,3900400000.0,0.0,3940654134.0
Weighted Average Shs Out (Dil),3414000000.0,3576800000.0,3649800000.0,3732800000.0,3797500000.0,3814900000.0,3822200000.0,3920300000.0,0.0,3862800000.0
Dividend per Share,2.96104276508,2.51425855513,2.32231903118,2.10914059151,1.84068466096,1.5874596975,1.35890324944,0.993546412264,0.0,0.53
Gross Margin,0.0,0.0,0.0,0.0,0.0,0.0,0.0,0.0,0.0,1.0
EBITDA Margin,0.445340230581,0.422378141813,0.418258978969,0.381022631303,0.366763972188,0.240450903671,0.272397481217,0.24766028344,0.0,0.175
EBIT Margin,0.373882178136,0.360354934554,0.360998452983,0.328212693628,0.316246483732,0.185526778875,0.219352578042,0.195158072279,0.0,0.1313
Profit Margin,0.297847361711,0.245332450012,0.258529497847,0.261291598516,0.23100684677,0.185526778875,0.219352578042,0.195158072279,0.0,0.087
Free Cash Flow margin,0.130121343863,-0.0251043925159,0.211105071706,0.785371433458,0.388440104028,1.11745647268,0.258463789923,0.986609622149,0.0,1.2227
EBITDA,48555000000.0,42079000000.0,40014000000.0,35642000000.0,34551000000.0,23229000000.0,26431000000.0,24081000000.0,24859000000.0,17547000000.0
EBIT,40764000000.0,35900000000.0,34536000000.0,30702000000.0,29792000000.0,17923000000.0,21284000000.0,18976000000.0,24859000000.0,13189000000.0
Consolidated Income,32474000000.0,24441000000.0,24733000000.0,24442000000.0,21762000000.0,17923000000.0,21284000000.0,18976000000.0,24859000000.0,11728000000.0
Earnings Before Tax Margin,0.373882178136,0.360354934554,0.360998452983,0.328212693628,0.316246483732,0.268244208434,0.0452948026919,0.27509924512,0.0,0.1313
Net Profit Margin,0.297847361711,0.245332450012,0.258529497847,0.261291598516,0.23100684677,0.185526778875,0.219352578042,0.195158072279,0.0,0.0874
