Date,2019-03-31,2018-03-31,2017-03-31,2016-03-31,2015-03-31,2014-03-31,2013-03-31,2012-03-31,2011-03-31,2010-03-31
Revenue,1382818000.0,1199926000.0,757791000.0,734823000.0,823192000.0,833666000.0,842954000.0,984833000.0,1018488000.0,736335000.0
Revenue Growth,0.152419399196284,0.583452429495732,0.0312565066689529,-0.107349196785197,-0.0125637845372127,-0.0110183948353054,-0.144064018975806,-0.0330440810299189,0.383185642404612,-0.0846
Cost of Revenue,934715000.0,873384000.0,587754000.0,576096000.0,676479000.0,731555000.0,743769000.0,806028000.0,758756000.0,611638000.0
Gross Profit,448103000.0,326542000.0,170037000.0,158727000.0,146713000.0,102111000.0,99185000.0,178805000.0,259732000.0,124697000.0
R&D Expenses,44612000.0,39619000.0,27629000.0,24955000.0,25802000.0,24466000.0,27993000.0,29440000.0,25864000.0,22064000.0
SG&A Expense,202642000.0,173620000.0,107868000.0,101446000.0,98533000.0,95856000.0,110474000.0,111564000.0,104607000.0,86085000.0
Operating Expenses,247254000.0,213239000.0,135497000.0,126401000.0,124335000.0,120322000.0,138467000.0,141004000.0,130471000.0,117000000.0
Operating Income,200849000.0,113303000.0,34540000.0,32326000.0,22378000.0,-18211000.0,-39282000.0,37801000.0,129261000.0,7697000.0
Interest Expense,21239000.0,32882000.0,39755000.0,39605000.0,40701000.0,40962000.0,41331000.0,28567000.0,0.0,26008000.0
Earnings before Tax,170431000.0,187518000.0,10636000.0,-31217000.0,-12126000.0,-56297000.0,-77610000.0,8444000.0,65748000.0,-64411000.0
Income Tax Expense,-39460000.0,9181000.0,4290000.0,6006000.0,5227000.0,1482000.0,3318000.0,1752000.0,2704000.0,5036000.0
Net Income - Non-Controlling int,0.0,0.0,0.0,0.0,0.0,0.0,0.0,0.0,0.0,0.0
Net Income - Discontinued ops,0.0,0.0,0.0,0.0,0.0,0.0,0.0,0.0,0.0,0.0
Net Income,206587000.0,254529000.0,47989000.0,-53629000.0,-14143000.0,-68503000.0,-82182000.0,6692000.0,63044000.0,-69447000.0
Preferred Dividends,0.0,0.0,0.0,0.0,0.0,0.0,0.0,0.0,0.0,0.0
Net Income Com,206587000.0,254529000.0,47989000.0,-53629000.0,-14143000.0,-68503000.0,-82182000.0,6692000.0,63044000.0,-69447000.0
EPS,3.57,4.82,1.03,-1.17,-0.31,-1.52,-1.83,0.15,2.11,-2.57
EPS Diluted,3.5,4.34,0.87,-1.17,-0.31,-1.52,-1.83,0.13,1.22,-2.57
Weighted Average Shs Out,57840000.0,52798000.0,46552000.0,46004000.0,45381000.0,45102000.0,44897000.0,43285000.0,0.0,26955836.0
Weighted Average Shs Out (Dil),57840000.0,52798000.0,55389000.0,46004000.0,45381000.0,45102000.0,44897000.0,52320000.0,0.0,26971000.0
Dividend per Share,0.0996196403873,0.0,0.0,0.0,0.0,0.0,0.0,0.0,0.0,0.0
Gross Margin,0.324050598126,0.272135114999,0.224385087709,0.216007120082,0.178224521132,0.122484304266,0.117663597302,0.181558700815,0.255017241244,0.1693
EBITDA Margin,0.184658429381,0.13794600667,0.0958562453236,0.098256314786,0.0791771542969,0.0418776824292,0.0123553598417,0.0868411192558,0.183726268743,0.019
EBIT Margin,0.145246156761,0.094424989541,0.0455798498531,0.0439915462635,0.027184423561,-0.0218444796837,-0.0466004076142,0.0383831573475,0.126914602823,-0.0522
Profit Margin,0.149395654381,0.212120580769,0.0633274873943,-0.0729822011559,-0.017180682028,-0.0821707974177,-0.0974928643793,0.00679506068542,0.0618996001917,-0.094
Free Cash Flow margin,-0.0103592808309,0.0465495372215,0.0607687343872,0.0161889325729,0.00263608003965,-0.0466529761319,-0.0818561866958,0.0318998246403,0.0775453417222,0.0566
EBITDA,255349000.0,165525000.0,72639000.0,72201000.0,65178000.0,34912000.0,10415000.0,85524000.0,187123000.0,14241000.0
EBIT,200849000.0,113303000.0,34540000.0,32326000.0,22378000.0,-18211000.0,-39282000.0,37801000.0,129261000.0,-38403000.0
Consolidated Income,206587000.0,254529000.0,47989000.0,-53629000.0,-14143000.0,-68503000.0,-82182000.0,6692000.0,63044000.0,-69447000.0
Earnings Before Tax Margin,0.123249046512,0.156274636936,0.0140355322246,-0.0424823392844,-0.0147304638529,-0.0675294422467,-0.0920690808751,0.00857404250264,0.0645545161062,-0.0875
Net Profit Margin,0.149395654381,0.212120580769,0.0633274873943,-0.0729822011559,-0.017180682028,-0.0821707974177,-0.0974928643793,0.00679506068542,0.0618996001917,-0.0943
