Date,2019-04-30,2018-04-30,2017-04-30,2016-04-30,2015-04-30,2014-04-30,2013-04-30,2012-04-30,2011-04-30,2010-04-30
Revenue,146550000.0,158050000.0,138558000.0,128626000.0,118828000.0,111166000.0,117121000.0,102847000.0,100003000.0,99093000.0
Revenue Growth,-0.0727617842454919,0.140677550195586,0.0772161149378819,0.08245531356246,0.0689239515679254,-0.0508448527591124,0.138788686106547,0.0284391468255952,0.00918329246263611,-0.047
Cost of Revenue,121231000.0,126030000.0,111951000.0,104918000.0,97062000.0,89134000.0,94863000.0,83691000.0,80719000.0,77690000.0
Gross Profit,25319000.0,32020000.0,26607000.0,23708000.0,21766000.0,22032000.0,22258000.0,19156000.0,19284000.0,21403000.0
R&D Expenses,1550000.0,1537000.0,1163000.0,1167000.0,936000.0,842000.0,0.0,0.0,0.0,0.0
SG&A Expense,0.0,0.0,0.0,0.0,0.0,0.0,0.0,0.0,16127000.0,15576000.0
Operating Expenses,23207000.0,22934000.0,20065000.0,18010000.0,16540000.0,16068000.0,16981000.0,16443000.0,16127000.0,15576000.0
Operating Income,2112000.0,9086000.0,6542000.0,5698000.0,5226000.0,5964000.0,5277000.0,2713000.0,3157000.0,5827000.0
Interest Expense,367000.0,299000.0,292000.0,306000.0,325000.0,373000.0,362000.0,445000.0,199000.0,157000.0
Earnings before Tax,2134000.0,9480000.0,6746000.0,5739000.0,5385000.0,5986000.0,5221000.0,2539000.0,2714000.0,5493000.0
Income Tax Expense,446000.0,4115000.0,2126000.0,1862000.0,1745000.0,1983000.0,1540000.0,739000.0,864000.0,1921000.0
Net Income - Non-Controlling int,0.0,0.0,0.0,0.0,0.0,0.0,0.0,0.0,248000.0,178000.0
Net Income - Discontinued ops,0.0,0.0,0.0,0.0,0.0,0.0,0.0,0.0,0.0,0.0
Net Income,1529000.0,5188000.0,4515000.0,3802000.0,3529000.0,3895000.0,3044000.0,1031000.0,1850000.0,3572000.0
Preferred Dividends,0.0,0.0,0.0,0.0,0.0,0.0,0.0,0.0,0.0,0.0
Net Income Com,1529000.0,5188000.0,4515000.0,3802000.0,3529000.0,3895000.0,3044000.0,1031000.0,1850000.0,3572000.0
EPS,0.56,1.91,1.67,1.43,1.34,1.49,1.18,0.4,0.72,1.39
EPS Diluted,0.55,1.87,1.66,1.42,1.33,1.48,1.17,0.4,0.72,1.39
Weighted Average Shs Out,2742000.0,2720000.0,2705000.0,2667000.0,2626000.0,2608000.0,2587000.0,2579000.0,2578270.0,2572743.0
Weighted Average Shs Out (Dil),2794000.0,2777000.0,2726000.0,2687000.0,2658000.0,2634000.0,2600000.0,2580000.0,2575000.0,2564000.0
Dividend per Share,0.726556907659,0.646020885848,0.575935436537,0.506512839598,0.464258841234,0.425968109339,0.398076923077,0.399612403101,0.4,0.38
Gross Margin,0.172766973729,0.202594115786,0.192027887239,0.184317323092,0.183172316289,0.198190094094,0.190042776274,0.186257255924,0.1928,0.216
EBITDA Margin,0.031954964176,0.0749572919962,0.0667157435875,0.0644504221542,0.0659861312149,0.0765791698901,0.0677077552275,0.0522815444301,0.054,0.081
EBIT Margin,0.0144114636643,0.0574881366656,0.0472148847414,0.0442989753238,0.0439795334433,0.0536494971484,0.0450559677598,0.0263789901504,0.0291,0.057
Profit Margin,0.0104332992153,0.0328250553622,0.0325856320097,0.0295585651424,0.0296983875854,0.0350376913805,0.0259902152475,0.010024599648,0.018,0.036
Free Cash Flow margin,-0.0117570794951,-0.00134134767479,0.0653228250985,0.0395254458663,-0.00233110041404,0.0544051238688,0.0121412897772,0.0533608175251,-0.0398,0.003
EBITDA,4683000.0,11847000.0,9244000.0,8290000.0,7841000.0,8513000.0,7930000.0,5377000.0,5400000.0,7998000.0
EBIT,2112000.0,9086000.0,6542000.0,5698000.0,5226000.0,5964000.0,5277000.0,2713000.0,2913000.0,5650000.0
Consolidated Income,1529000.0,5188000.0,4515000.0,3802000.0,3529000.0,3895000.0,3044000.0,1031000.0,2098000.0,3750000.0
Earnings Before Tax Margin,0.0145615830774,0.059981018665,0.0486871923671,0.0446177289195,0.045317601912,0.0538473993847,0.0445778297658,0.0246871566502,0.0271,0.0554
Net Profit Margin,0.0104332992153,0.0328250553622,0.0325856320097,0.0295585651424,0.0296983875854,0.0350376913805,0.0259902152475,0.010024599648,0.0185,0.036
