Date,2018-12-31,2017-12-31,2016-12-31,2015-12-31,2014-12-31,2013-12-31,2012-12-31,2011-12-31,2010-12-31,2009-12-31
Revenue,18486000000.0,18259000000.0,18202000000.0,18591000000.0,19724000000.0,21152000000.0,21063000000.0,20846000000.0,19746000000.0,19115000000.0
Revenue Growth,0.012432225204009,0.00313152400835073,-0.0209241030606207,-0.0574427093895762,-0.0675113464447806,0.00422541898115178,0.0104096709200806,0.0557074850602654,0.0330107245618624,-0.0155
Cost of Revenue,12889000000.0,11706000000.0,11551000000.0,11967000000.0,13041000000.0,13912000000.0,14314000000.0,14694000000.0,13196000000.0,12695000000.0
Gross Profit,5597000000.0,6553000000.0,6651000000.0,6624000000.0,6683000000.0,7240000000.0,6749000000.0,6152000000.0,6550000000.0,6420000000.0
R&D Expenses,317000000.0,311000000.0,328000000.0,324000000.0,368000000.0,360000000.0,356000000.0,316000000.0,317000000.0,0.0
SG&A Expense,0.0,0.0,0.0,0.0,0.0,0.0,0.0,0.0,0.0,3498000000.0
Operating Expenses,317000000.0,311000000.0,328000000.0,324000000.0,368000000.0,360000000.0,356000000.0,316000000.0,317000000.0,3595000000.0
Operating Income,2229000000.0,3299000000.0,3317000000.0,1613000000.0,2521000000.0,3208000000.0,2686000000.0,2442000000.0,2773000000.0,2825000000.0
Interest Expense,263000000.0,318000000.0,319000000.0,295000000.0,284000000.0,283000000.0,284000000.0,277000000.0,243000000.0,275000000.0
Earnings before Tax,1208000000.0,2991000000.0,3009000000.0,1335000000.0,2255000000.0,2945000000.0,2420000000.0,2183000000.0,2550000000.0,2630000000.0
Income Tax Expense,471000000.0,776000000.0,922000000.0,418000000.0,856000000.0,929000000.0,768000000.0,660000000.0,788000000.0,746000000.0
Net Income - Non-Controlling int,0.0,0.0,0.0,0.0,0.0,0.0,0.0,0.0,0.0,110000000.0
Net Income - Discontinued ops,0.0,0.0,0.0,0.0,0.0,0.0,0.0,0.0,0.0,0.0
Net Income,1410000000.0,2278000000.0,2166000000.0,1013000000.0,1526000000.0,2142000000.0,1750000000.0,1591000000.0,1843000000.0,1884000000.0
Preferred Dividends,0.0,0.0,0.0,0.0,0.0,0.0,0.0,0.0,0.0,0.0
Net Income Com,1410000000.0,2278000000.0,2166000000.0,1013000000.0,1526000000.0,2142000000.0,1750000000.0,1591000000.0,1843000000.0,1884000000.0
EPS,4.05,6.44,6.03,2.78,4.07,5.58,4.45,4.02,4.47,4.53
EPS Diluted,4.03,6.4,5.99,2.77,4.04,5.53,4.42,3.99,4.45,4.52
Weighted Average Shs Out,348000000.0,353600000.0,359400000.0,363800000.0,374500000.0,384000000.0,393000000.0,395700000.0,412400000.0,415379458.0
Weighted Average Shs Out (Dil),349600000.0,355900000.0,361700000.0,366300000.0,377400000.0,387300000.0,396100000.0,398600000.0,414400000.0,415379458.0
Dividend per Share,3.96453089245,3.81848833942,3.62455073265,3.47256347256,3.32803391627,3.15775884327,2.90583186064,2.75715002509,2.57239382239,2.4
Gross Margin,0.302769663529,0.358891505559,0.365399406659,0.356301436179,0.338825795985,0.342284417549,0.320419693301,0.295116569126,0.33171275195,0.3359
EBITDA Margin,0.168289516391,0.220329700422,0.220964729151,0.126889355064,0.171516933685,0.192464069592,0.168209656744,0.169480955579,0.181606401296,0.193
EBIT Margin,0.120577734502,0.180678021797,0.182232721679,0.0867624119197,0.127813830866,0.151664145234,0.127522195319,0.117144775976,0.14043350552,0.152
Profit Margin,0.0762739370334,0.124760392135,0.118997912317,0.0544887311064,0.0773676738998,0.101267019667,0.0830840810901,0.0763215964693,0.0933353590601,0.099
Free Cash Flow margin,0.113220815752,0.117421545539,0.135204922536,0.0672368350277,0.0915635773677,0.0986667927383,0.104211175996,0.0633215005277,0.0901448394612,0.1391
EBITDA,3111000000.0,4023000000.0,4022000000.0,2359000000.0,3383000000.0,4071000000.0,3543000000.0,3533000000.0,3586000000.0,3688000000.0
EBIT,2229000000.0,3299000000.0,3317000000.0,1613000000.0,2521000000.0,3208000000.0,2686000000.0,2442000000.0,2773000000.0,2905000000.0
Consolidated Income,1410000000.0,2278000000.0,2166000000.0,1013000000.0,1526000000.0,2142000000.0,1750000000.0,1591000000.0,1843000000.0,1994000000.0
Earnings Before Tax Margin,0.0653467488911,0.163809628129,0.16531150423,0.0718089398096,0.114327722571,0.139230332829,0.114893414993,0.104720330039,0.129140079003,0.1376
Net Profit Margin,0.0762739370334,0.124760392135,0.118997912317,0.0544887311064,0.0773676738998,0.101267019667,0.0830840810901,0.0763215964693,0.0933353590601,0.0986
