Date,2019-02-28,2018-02-28,2017-02-28,2016-02-29,2015-02-28,2014-02-28,2013-02-28,2012-02-29,2011-02-28,2010-02-28
Revenue,18173100000.0,17120209000.0,15875118000.0,15149675000.0,14268716000.0,12574299000.0,10962818000.0,10003599000.0,8975554000.0,7470193000.0
Revenue Growth,0.0614998917361348,0.0784303461555372,0.0478850536397646,0.0617405938978672,0.134752402499734,0.146995143037128,0.0958873901282928,0.114538333789758,0.201515677038063,0.0712
Cost of Revenue,15692509000.0,14791350000.0,13691824000.0,13130915000.0,12381189000.0,10925598000.0,9498456000.0,8624838000.0,7674326000.0,6371323000.0
Gross Profit,2480591000.0,2328859000.0,2183294000.0,2018760000.0,1887527000.0,1648701000.0,1464362000.0,1378761000.0,1301228000.0,1098870000.0
R&D Expenses,0.0,0.0,0.0,0.0,0.0,0.0,0.0,0.0,0.0,0.0
SG&A Expense,1730275000.0,1617051000.0,1488504000.0,1351935000.0,1257725000.0,1155215000.0,1031034000.0,940786000.0,905091000.0,792201000.0
Operating Expenses,1730275000.0,1617051000.0,1488504000.0,1351935000.0,1257725000.0,1155215000.0,1031034000.0,940786000.0,905091000.0,616984000.0
Operating Income,1112806000.0,1063608000.0,1006405000.0,1009944000.0,969331000.0,797322000.0,701351000.0,666910000.0,613490000.0,481886000.0
Interest Expense,75792000.0,70745000.0,56416000.0,36358000.0,24473000.0,30834000.0,32357000.0,33714000.0,3110000.0,35994000.0
Earnings before Tax,1112806000.0,1063608000.0,1006405000.0,1009944000.0,969331000.0,797322000.0,701351000.0,666910000.0,613490000.0,446452000.0
Income Tax Expense,270393000.0,399496000.0,379435000.0,386516000.0,371973000.0,304736000.0,267067000.0,253115000.0,232612000.0,168608000.0
Net Income - Non-Controlling int,0.0,0.0,0.0,0.0,0.0,0.0,0.0,0.0,0.0,0.0
Net Income - Discontinued ops,0.0,0.0,0.0,0.0,0.0,0.0,0.0,0.0,0.0,0.0
Net Income,842413000.0,664112000.0,626970000.0,623428000.0,597358000.0,492586000.0,434284000.0,413795000.0,380878000.0,277844000.0
Preferred Dividends,0.0,0.0,0.0,0.0,0.0,0.0,0.0,0.0,0.0,0.0
Net Income Com,842413000.0,664112000.0,626970000.0,623428000.0,597358000.0,492586000.0,434284000.0,413795000.0,380878000.0,277844000.0
EPS,4.83,3.64,3.29,3.07,2.77,2.2,1.9,1.83,1.7,1.25
EPS Diluted,4.79,3.6,3.26,3.03,2.73,2.16,1.87,1.79,1.67,1.24
Weighted Average Shs Out,174463000.0,182660000.0,190343000.0,203275000.0,215617000.0,223589000.0,228095000.0,226282000.0,223449000.0,222858781.0
Weighted Average Shs Out (Dil),175884000.0,184470000.0,192215000.0,205540000.0,218691000.0,227584000.0,231823000.0,230721000.0,227601000.0,219527000.0
Dividend per Share,0.0,0.0,0.0,0.0,0.0,0.0,0.0,0.0,0.0,0.0
Gross Margin,0.13649795577,0.136029823,0.137529308444,0.13325434374,0.132284292434,0.131116732631,0.133575327074,0.137826496244,0.144974672315,0.1471
EBITDA Margin,0.0712620851698,0.0726363796143,0.0740328355355,0.0757312615617,0.0760057176834,0.0715135690666,0.0726669000616,0.0749452272127,0.0749715282199,0.075
EBIT Margin,0.0612336915551,0.0621258770848,0.0633951193308,0.0666644003914,0.0679340033119,0.0634088627923,0.0639754304048,0.0666670065443,0.0683512126382,0.0646
Profit Margin,0.0463549421948,0.0387911152253,0.0394938796675,0.0411512458188,0.0418648741765,0.0391740326837,0.0396142670616,0.0413646128758,0.0424350407785,0.037
Free Cash Flow margin,-0.00779531285251,-0.0220421374529,-0.0558283724253,-0.0306592055605,-0.0895628590547,-0.0734418674154,-0.0925079664736,-0.0234695533078,-0.0104481572948,0.005
EBITDA,1295053000.0,1243550000.0,1175280000.0,1147304000.0,1084504000.0,899233000.0,796634000.0,749722000.0,672911000.0,557674000.0
EBIT,1112806000.0,1063608000.0,1006405000.0,1009944000.0,969331000.0,797322000.0,701351000.0,666910000.0,613490000.0,482446000.0
Consolidated Income,842413000.0,664112000.0,626970000.0,623428000.0,597358000.0,492586000.0,434284000.0,413795000.0,380878000.0,277844000.0
Earnings Before Tax Margin,0.0612336915551,0.0621258770848,0.0633951193308,0.0666644003914,0.0679340033119,0.0634088627923,0.0639754304048,0.0666670065443,0.0683512126382,0.0598
Net Profit Margin,0.0463549421948,0.0387911152253,0.0394938796675,0.0411512458188,0.0418648741765,0.0391740326837,0.0396142670616,0.0413646128758,0.0424350407785,0.0372
