Date,2018-12-31,2017-12-31,2016-12-31,2015-12-31,2014-12-31,2013-12-31,2012-12-31,2011-12-31,2010-12-31,2009-12-31
Revenue,354184000.0,100000.0,100000.0,49973000.0,65000.0,-62381.0,148506.0,208870.0,94457685.0,115292103.0
Revenue Growth,3540.84,0,-0.997998919416485,767.815384615385,-2.04198393741684,-1.42005710206995,-0.289002728970173,-0.997788745299019,-0.180709844454828,-0.1884
Cost of Revenue,50356000.0,49643000.0,47923000.0,49973000.0,38703000.0,21729251.0,17391918.0,18607865.0,34055437.0,47449880.0
Gross Profit,303828000.0,-49543000.0,-47823000.0,0.0,-38638000.0,-21791632.0,-17243412.0,-18398995.0,60402248.0,67842223.0
R&D Expenses,0.0,0.0,0.0,0.0,0.0,0.0,0.0,0.0,0.0,0.0
SG&A Expense,21320000.0,21749000.0,20603000.0,18709000.0,13043000.0,8210793.0,7124078.0,6284397.0,5367143.0,5711623.0
Operating Expenses,336577000.0,294074000.0,288699000.0,275208000.0,230199000.0,101896562.0,79885890.0,76099161.0,42912575.0,37859941.0
Operating Income,21031000.0,64745000.0,65423000.0,71797000.0,29329000.0,27591765.0,21167980.0,25810214.0,17489673.0,29982282.0
Interest Expense,66785000.0,65702000.0,65577000.0,56432000.0,45513000.0,27993577.0,25660381.0,25291512.0,26809424.0,27151054.0
Earnings before Tax,-53098000.0,17272000.0,-1137000.0,25249000.0,-16452000.0,-726597.0,-12126085.0,5382649.0,-8004844.0,-1804059.0
Income Tax Expense,-227000.0,-100000.0,814000.0,186000.0,24000.0,262404.0,-105984.0,-1294.0,265986.0,-22293.0
Net Income - Non-Controlling int,0.0,0.0,0.0,0.0,0.0,0.0,0.0,0.0,-915310.0,603763.0
Net Income - Discontinued ops,0.0,0.0,0.0,0.0,0.0,0.0,0.0,0.0,-221339.0,6117368.0
Net Income,-46567000.0,11874000.0,1183000.0,27117000.0,-5701000.0,-2849735.0,-4333847.0,4981274.0,-8270830.0,-1781766.0
Preferred Dividends,-46567000.0,0.0,0.0,7877000.0,8456000.0,8456251.0,7920002.0,5775000.0,376979.0,0.0
Net Income Com,-46567000.0,11874000.0,1183000.0,27117000.0,-5701000.0,-2849735.0,-4333847.0,4981274.0,-8647809.0,-1781766.0
EPS,-0.56,0.14,0.01,0.19,-0.24,-0.12,-0.18,-0.01,-0.56,-0.12
EPS Diluted,-0.56,0.14,0.01,0.18,-0.24,-0.12,-0.18,-0.01,-0.56,-0.12
Weighted Average Shs Out,83693385.0,83585333.0,83436511.0,83421904.0,58353448.0,94141738.0,6.6885259e+13,63557322.0,15834939.0,15748397.0
Weighted Average Shs Out (Dil),83693385.0,83690418.0,83465500.0,83534381.0,58353448.0,94141738.0,6.6885259e+13,63557322.0,15810119.0,13036614.0
Dividend per Share,1.27030350129,1.20835816593,1.13422911263,1.06996662847,0.799541442692,0.218753301538,2.30841656754e-07,0.239890928696,0.96,1.91
Gross Margin,0.857825311138,-495.43,-478.23,0.0,-594.430769231,349.331238678,-116.112561109,-88.0882606406,0.6395,0.5884
EBITDA Margin,0.474747588824,2327.8,2332.32,0.0,2233.87692308,-1323.28612879,423.099457261,294.801192129,0.65,0.515
EBIT Margin,0.0593787409934,647.45,654.23,0.0,451.215384615,-442.310399,142.539560691,123.570709053,0.1991,0.2199
Profit Margin,-0.131476859485,118.74,11.83,0.0,-87.7076923077,45.6827399368,-29.182975772,23.8486809977,-0.092,-0.015
Free Cash Flow margin,0.268445214917,831.32,606.14,1.53628959638,-805.753846154,969.587165964,-611.968526524,-150.011476038,-0.0928,-0.1372
EBITDA,168148000.0,232780000.0,233232000.0,233137000.0,145202000.0,82547912.0,62832808.0,61575125.0,61369226.0,59350012.0
EBIT,21031000.0,64745000.0,65423000.0,71797000.0,29329000.0,27591765.0,21167980.0,25810214.0,18804580.0,25346995.0
Consolidated Income,-46567000.0,11874000.0,1183000.0,27117000.0,-5701000.0,-2849735.0,-4333847.0,4981274.0,-9186140.0,-1178003.0
Earnings Before Tax Margin,-0.14991642762,172.72,-11.37,0.0,-253.107692308,11.6477292765,-81.6538389021,25.7703308278,-0.0847,-0.0156
Net Profit Margin,-0.131476859485,118.74,11.83,0.0,-87.7076923077,45.6827399368,-29.182975772,23.8486809977,-0.0876,-0.0155
