Date,2018-12-31,2017-12-31,2016-12-31,2015-12-31,2014-12-31,2013-12-31,2012-12-31,2011-12-31,2010-12-31,2009-12-31
Revenue,3028674000.0,2624431000.0,2274614000.0,2535791000.0,2813324000.0,2852671000.0,2853367000.0,2694609000.0,2070172000.0,1729285000.0
Revenue Growth,0.15403072132588,0.153791808192511,-0.102996264282033,-0.0986494978893295,-0.0137930381736976,-0.000243922355589029,0.0589168966629296,0.301635323055282,0.197125979812466,-0.3025
Cost of Revenue,2000153000.0,1744105000.0,1485316000.0,1694647000.0,1864027000.0,1910017000.0,1986711000.0,1957872000.0,1506353000.0,1273017000.0
Gross Profit,1028521000.0,880326000.0,789298000.0,841144000.0,949297000.0,942654000.0,866656000.0,736737000.0,563819000.0,456268000.0
R&D Expenses,54168000.0,47899000.0,44720000.0,47182000.0,43256000.0,42126000.0,37305000.0,32834000.0,0.0,0.0
SG&A Expense,627697000.0,537525000.0,466676000.0,496748000.0,545497000.0,527206000.0,495221000.0,439775000.0,377773000.0,333138000.0
Operating Expenses,681865000.0,585424000.0,511396000.0,543930000.0,588753000.0,569332000.0,532526000.0,472609000.0,377773000.0,363035000.0
Operating Income,375539000.0,377711000.0,288274000.0,181700000.0,373747000.0,406985000.0,362081000.0,296680000.0,186430000.0,93233000.0
Interest Expense,24503000.0,24220000.0,19079000.0,21824000.0,10434000.0,2864000.0,4191000.0,6704000.0,6691000.0,8521000.0
Earnings before Tax,368660000.0,366236000.0,277388000.0,169787000.0,375813000.0,416441000.0,369570000.0,301331000.0,140352000.0,86481000.0
Income Tax Expense,81667000.0,118761000.0,79015000.0,42375000.0,121933000.0,124754000.0,112354000.0,84318000.0,54898000.0,37905000.0
Net Income - Non-Controlling int,0.0,0.0,0.0,0.0,0.0,0.0,0.0,0.0,0.0,257000.0
Net Income - Discontinued ops,0.0,0.0,0.0,0.0,0.0,0.0,0.0,0.0,0.0,0.0
Net Income,287066000.0,247503000.0,198399000.0,127478000.0,254686000.0,293780000.0,257411000.0,217186000.0,130244000.0,48576000.0
Preferred Dividends,0.0,0.0,0.0,0.0,0.0,0.0,0.0,0.0,0.0,0.0
Net Income Com,287066000.0,247503000.0,198399000.0,127478000.0,254686000.0,293780000.0,257411000.0,217186000.0,130244000.0,48576000.0
EPS,4.42,3.76,2.94,1.72,3.22,3.58,3.1,2.6,3.09,0.57
EPS Diluted,4.37,3.71,2.91,1.7,3.18,3.54,3.06,2.56,3.06,0.57
Weighted Average Shs Out,64886000.0,65739000.0,67462000.0,74111000.0,79185000.0,81978000.0,83087000.0,83681000.0,42203000.0,85057872.0
Weighted Average Shs Out (Dil),65682000.0,66643000.0,68156000.0,74854000.0,80096000.0,83042000.0,84175000.0,84708000.0,42612000.0,84782000.0
Dividend per Share,1.55381992022,1.38727248173,1.28132519514,1.16183503888,0.914664902117,0.59339852123,0.868571428571,0.613106200123,1.11151788229,0.545
Gross Margin,0.339594489206,0.335434995243,0.347003051946,0.331708725206,0.337428963034,0.33044609771,0.303730995697,0.273411467118,0.272353698147,0.2638
EBITDA Margin,0.147881548163,0.169875298684,0.155343719858,0.0968956037781,0.157590807173,0.166814890326,0.149642510059,0.140509439403,0.126900566716,0.088
EBIT Margin,0.123994526978,0.143921101374,0.126735349382,0.0716541702372,0.132848900447,0.142668046894,0.126896049474,0.110101317111,0.0900553190749,0.0549
Profit Margin,0.0947827333018,0.0943072993727,0.0872231508291,0.0502714931948,0.0905284993836,0.102984185698,0.0902130710841,0.0806001909739,0.0629145790785,0.028
Free Cash Flow margin,0.0851547574945,0.104094563736,0.11145891127,0.102670527658,0.116841145918,0.0921518815174,0.0962964105213,0.0473927757237,0.0465724587136,0.123
EBITDA,447885000.0,445826000.0,353347000.0,245707000.0,443354000.0,475868000.0,426985000.0,378618000.0,262706000.0,151600000.0
EBIT,375539000.0,377711000.0,288274000.0,181700000.0,373747000.0,406985000.0,362081000.0,296680000.0,186430000.0,95002000.0
Consolidated Income,287066000.0,247503000.0,198399000.0,127478000.0,254686000.0,293780000.0,257411000.0,217186000.0,130244000.0,48833000.0
Earnings Before Tax Margin,0.121723235977,0.139548725038,0.121949482418,0.0669562278595,0.133583263072,0.145982835034,0.129520668039,0.111827356028,0.0677972651548,0.05
Net Profit Margin,0.0947827333018,0.0943072993727,0.0872231508291,0.0502714931948,0.0905284993836,0.102984185698,0.0902130710841,0.0806001909739,0.0629145790785,0.0281
