Date,2018-12-31,2017-12-31,2016-12-31,2015-12-31,2014-12-31,2013-12-31,2012-12-31,2011-12-31,2010-12-31,2009-12-31
Revenue,128600000.0,141102000.0,108973000.0,71914000.0,64538000.0,48973000.0,31388000.0,30037000.0,23538000.0,38940000.0
Revenue Growth,-0.0886025711896359,0.294834500289062,0.51532385905387,0.114289255942236,0.317828191044045,0.56024595386772,0.0449778606385458,0.276106721046818,-0.395531587057011,0.4256
Cost of Revenue,6337000.0,5366000.0,5571000.0,5807000.0,9136000.0,5732000.0,3601000.0,4909000.0,0.0,0.0
Gross Profit,122263000.0,135736000.0,103402000.0,66107000.0,55402000.0,43241000.0,27787000.0,25128000.0,23538000.0,38940000.0
R&D Expenses,27863000.0,26887000.0,21221000.0,13380000.0,12122000.0,9274000.0,10790000.0,10291000.0,22067000.0,39870000.0
SG&A Expense,37734000.0,28653000.0,26621000.0,24378000.0,22570000.0,17984000.0,16108000.0,14977000.0,12829000.0,15211000.0
Operating Expenses,65597000.0,55540000.0,47842000.0,37758000.0,34692000.0,27258000.0,26898000.0,25268000.0,54544000.0,70758000.0
Operating Income,163727000.0,68076000.0,43885000.0,27329000.0,19626000.0,14943000.0,574000.0,-698000.0,-31006000.0,-31818000.0
Interest Expense,48276000.0,0.0,0.0,0.0,4860000.0,2077000.0,3305000.0,2508000.0,-382000.0,270000.0
Earnings before Tax,143321000.0,57231000.0,7960000.0,35329000.0,11302000.0,9206000.0,-3865000.0,-3558000.0,-12990000.0,-3483000.0
Income Tax Expense,30009000.0,44675000.0,10327000.0,-192115000.0,410000.0,374000.0,-1191000.0,-13270000.0,-2617000.0,-1535000.0
Net Income - Non-Controlling int,0.0,0.0,0.0,0.0,0.0,0.0,0.0,0.0,0.0,0.0
Net Income - Discontinued ops,0.0,0.0,0.0,0.0,0.0,0.0,0.0,0.0,-2413000.0,-6389000.0
Net Income,143321000.0,12556000.0,-1636000.0,229824000.0,12024000.0,11420000.0,-527000.0,9715000.0,-10373000.0,-1948000.0
Preferred Dividends,0.0,0.0,0.0,0.0,0.0,0.0,0.0,0.0,0.0,0.0
Net Income Com,143321000.0,12556000.0,-1636000.0,229824000.0,12024000.0,11420000.0,-527000.0,9715000.0,-10373000.0,-1948000.0
EPS,6.77,0.6,-0.08,11.61,0.59,0.56,-0.03,0.49,-0.53,-0.1
EPS Diluted,5.96,0.53,-0.08,10.83,0.56,0.55,-0.03,0.49,-0.53,-0.1
Weighted Average Shs Out,21160000.0,21032000.0,20831000.0,19789991.0,20418569.0,20312395.0,19853095.0,19655632.0,19610158.0,18836086.0
Weighted Average Shs Out (Dil),24067000.0,23481000.0,20831000.0,21227887.0,21433177.0,20745454.0,19853095.0,19713320.0,19613201.0,18862751.0
Dividend per Share,0.0,0.0,0.0,0.0,0.0,0.0,0.0,0.0,0.0,0.0
Gross Margin,0.950723172628,0.961970772916,0.948877244822,0.919250771755,0.858439988844,0.882955914483,0.885274627246,0.836568232513,1.0,1.0
EBITDA Margin,1.72938569207,0.64839619566,0.603378818606,0.559418193954,0.345269453655,0.359504216609,0.105167579967,0.0696474348304,-0.474,0.036
EBIT Margin,1.27314930016,0.482459497385,0.402714433851,0.380023361237,0.30409991013,0.305127315051,0.0182872435326,-0.0232380064587,-0.5681,-0.0825
Profit Margin,1.11447122862,0.0889852730649,-0.015012893102,3.19581722613,0.186308841303,0.233189716783,-0.0167898559959,0.323434430869,-0.441,-0.05
Free Cash Flow margin,1.50211508554,0.647843404062,0.561157350903,0.578941513474,0.318572004091,0.414779572417,-0.0138269402319,-0.0416153410793,-1.1809,-0.8787
EBITDA,222399000.0,91490000.0,65752000.0,40230000.0,22283000.0,17606000.0,3301000.0,2092000.0,-11160000.0,1421000.0
EBIT,163727000.0,68076000.0,43885000.0,27329000.0,19626000.0,14943000.0,574000.0,-698000.0,-13372000.0,-3213000.0
Consolidated Income,143321000.0,12556000.0,-1636000.0,229824000.0,12024000.0,11420000.0,-527000.0,9715000.0,-10373000.0,-1948000.0
Earnings Before Tax Margin,1.11447122862,0.405600204108,0.0730456168042,0.491267347109,0.175121633766,0.187981132461,-0.123136230407,-0.118453906848,-0.5519,-0.0894
Net Profit Margin,1.11447122862,0.0889852730649,-0.015012893102,3.19581722613,0.186308841303,0.233189716783,-0.0167898559959,0.323434430869,-0.4407,-0.05
