Date,2018-12-31,2017-12-31,2016-12-31,2015-12-31,2014-12-31,2013-12-31,2012-12-31,2011-12-31,2010-12-31,2009-12-31
Revenue,7224562.0,5918937.0,4648560.0,4000626.0,2903665.0,2259547.0,1400448.0,1209659.0,1209659.0,1038825.0
Revenue Growth,0.22058437182217,0.273283984717848,0.16195815354897,0.377784971751218,0.285065103757523,0.613445840188283,0.157721308236453,0,0.164449257574664,0.3711
Cost of Revenue,3022496.0,2457432.0,1794454.0,1732597.0,1442518.0,1282128.0,1031371.0,823739.0,0.0,0.0
Gross Profit,4202066.0,3461505.0,2854106.0,2268029.0,1461147.0,977419.0,369077.0,385920.0,1209659.0,1038825.0
R&D Expenses,0.0,0.0,0.0,0.0,0.0,0.0,0.0,0.0,0.0,0.0
SG&A Expense,1321724.0,1227003.0,1005653.0,1038849.0,876906.0,837788.0,866705.0,783231.0,783231.0,673221.0
Operating Expenses,1321724.0,1227003.0,1005653.0,1038849.0,876906.0,837788.0,866705.0,783231.0,795212.0,673221.0
Operating Income,4202066.0,3461505.0,2854106.0,2268029.0,1461147.0,977419.0,369077.0,385920.0,414447.0,365604.0
Interest Expense,20509.0,1533.0,0.0,0.0,0.0,1124.0,455.0,0.0,28527.0,0.0
Earnings before Tax,4205066.0,3441505.0,2839106.0,2239166.0,1482344.0,969967.0,448406.0,542311.0,542311.0,409527.0
Income Tax Expense,642.0,2971.0,2146.0,1595.0,27839.0,387000.0,191882.0,222847.0,222847.0,173780.0
Net Income - Non-Controlling int,0.0,0.0,0.0,0.0,0.0,0.0,0.0,0.0,0.0,0.0
Net Income - Discontinued ops,0.0,0.0,0.0,0.0,0.0,0.0,0.0,0.0,0.0,0.0
Net Income,4204424.0,3438534.0,2836960.0,2237571.0,1454505.0,582967.0,256524.0,319464.0,319464.0,235747.0
Preferred Dividends,0.0,0.0,0.0,0.0,0.0,0.0,0.0,0.0,0.0,0.0
Net Income Com,4204424.0,3438534.0,2836960.0,2237571.0,1454505.0,582967.0,256524.0,319464.0,319464.0,235747.0
EPS,0.48,0.42,0.37,0.33,0.29,0.14,0.07,0.1,0.1,0.07
EPS Diluted,0.48,0.42,0.37,0.33,0.29,0.14,0.07,0.09,0.1,0.07
Weighted Average Shs Out,8792207.0,8117280.0,7590114.0,6759219.0,5028645.0,4269169.0,3634048.0,3324459.0,3324459.0,3325760.0
Weighted Average Shs Out (Dil),8799044.0,8128685.0,7608201.0,6786610.0,5058421.0,4289818.0,3646074.0,3372289.0,3324459.0,3325566.0
Dividend per Share,0.454461302842,0.404569865852,0.355444473667,0.313732629398,0.16872834428,0.0298427578979,0.0,0.0,0.0,0.0
Gross Margin,0.58163609088,0.584818692951,0.613976371177,0.56691852725,0.503207842502,0.432572989188,0.263542095101,0.319032057795,1.0,1.0
EBITDA Margin,0.595810791021,0.607411601103,0.636598645602,0.578230756887,0.503207842502,0.451043505623,0.290841930582,0.321539375973,0.474,0.398
EBIT Margin,0.58163609088,0.584818692951,0.613976371177,0.56691852725,0.503207842502,0.432572989188,0.263542095101,0.319032057795,0.4719,0.3942
Profit Margin,0.581962477448,0.580937759601,0.610287917118,0.559305218733,0.500920388543,0.258001714503,0.183172813271,0.264094261275,0.264,0.227
Free Cash Flow margin,0.603444748623,0.584654812173,0.655867408402,0.528003367473,0.433714633059,0.347749792326,0.27226787428,0.185078604797,0.1851,0.4675
EBITDA,4304472.0,3595231.0,2959267.0,2313285.0,1461147.0,1019154.0,407309.0,388953.0,573871.0,413490.0
EBIT,4202066.0,3461505.0,2854106.0,2268029.0,1461147.0,977419.0,369077.0,385920.0,570838.0,409527.0
Consolidated Income,4204424.0,3438534.0,2836960.0,2237571.0,1454505.0,582967.0,256524.0,319464.0,319464.0,235747.0
Earnings Before Tax Margin,0.582051340967,0.581439707839,0.610749565457,0.559703906339,0.510507927051,0.429274982994,0.320187539987,0.448317253044,0.4483,0.3942
Net Profit Margin,0.581962477448,0.580937759601,0.610287917118,0.559305218733,0.500920388543,0.258001714503,0.183172813271,0.264094261275,0.2641,0.2269
