Date,2018-12-31,2017-12-31,2016-12-31,2015-12-31,2014-12-31,2013-12-31,2012-12-31,2011-12-31,2010-12-31,2009-12-31
Revenue,150289.0,104329.0,5070217.0,18492850.0,25583361.0,24826587.0,0.0,473386.0,0.0,0.0
Revenue Growth,0.440529478860144,-0.979423168673057,-0.725828252540847,-0.277153224707262,0.030482401789662,0.0,-1,0.0,0.0,
Cost of Revenue,3888381.0,4468901.0,5893684.0,15152549.0,24138470.0,29285672.0,0.0,2251160.0,0.0,0.0
Gross Profit,-3738092.0,-4364572.0,-823467.0,3340301.0,1444891.0,-4459085.0,0.0,-1777774.0,0.0,0.0
R&D Expenses,0.0,0.0,0.0,0.0,0.0,0.0,0.0,0.0,3938560.0,2864854.0
SG&A Expense,3403833.0,2595331.0,3518071.0,6752731.0,6371954.0,7968725.0,0.0,4452670.0,3125256.0,1548549.0
Operating Expenses,3662340.0,4513394.0,9389877.0,15765814.0,10137597.0,16473717.0,0.0,13776767.0,7063816.0,4568086.0
Operating Income,-7400432.0,-8877966.0,-10213344.0,-12425513.0,-8692706.0,-20932802.0,0.0,-15554541.0,-7063816.0,-4568086.0
Interest Expense,1410389.0,1710390.0,753670.0,1216887.0,997112.0,1157535.0,0.0,80630.0,3291274.0,4348029.0
Earnings before Tax,-9480753.0,-10576178.0,-12964704.0,-10454427.0,-9638773.0,0.0,0.0,-11682312.0,-60326419.0,-6064669.0
Income Tax Expense,0.0,0.0,0.0,0.0,0.0,0.0,0.0,-76081.0,0.0,0.0
Net Income - Non-Controlling int,0.0,0.0,0.0,0.0,0.0,0.0,0.0,0.0,0.0,0.0
Net Income - Discontinued ops,0.0,0.0,0.0,0.0,0.0,0.0,0.0,0.0,0.0,0.0
Net Income,-9500000.0,-10576178.0,-12964704.0,-10454427.0,-9638773.0,-21347020.0,0.0,-11606231.0,-60326419.0,-6064669.0
Preferred Dividends,0.0,0.0,0.0,5452445.0,3672785.0,4016705.0,0.0,4696766.0,1276902.0,0.0
Net Income Com,-9500000.0,-10576178.0,-12964704.0,-10454427.0,-9638773.0,-21347020.0,0.0,-11606231.0,-61603321.0,-6064669.0
EPS,-0.16,-0.26,-0.07,-0.14,-0.17,-0.42,0.0,-0.66,-15.9,-1.7
EPS Diluted,-0.16,-0.26,-0.07,-0.14,-0.17,-0.42,0.0,-0.66,-15.9,-1.7
Weighted Average Shs Out,59629805.0,41127245.0,176624733.0,110072486.0,78586266.0,60580742.0,0.0,24640774.0,4199247.0,
Weighted Average Shs Out (Dil),59629805.0,41127245.0,176624733.0,110072486.0,78586266.0,60580742.0,0.0,24640774.0,3876601.0,3549674.0
Dividend per Share,0.0,0.0,0.0,0.0,0.0,0.0,0.0,0.0,0.0,0.0
Gross Margin,-24.8726919468,-41.8346960097,-0.162412575241,0.180626620559,0.0564777630273,-0.179609263247,0.0,-3.75544270426,0.0,0.0
EBITDA Margin,-26.3264443838,-40.7689808203,-0.761861671798,-0.223402936811,-0.0467173957323,-0.615970572193,0.0,-32.2886460521,,
EBIT Margin,-49.2413416817,-85.0958602114,-2.01438005513,-0.671909035114,-0.339779671639,-0.843160680926,0.0,-32.8580503014,0.0,0.0
Profit Margin,-63.2115457552,-101.373328605,-2.55703138544,-0.565322651728,-0.376759449237,-0.859845132962,0.0,-24.5174783369,,
Free Cash Flow margin,-37.8135592093,-63.879419912,-0.660038022041,-0.474092852102,-0.197213962622,-0.655353633586,0.0,-41.080553713,0.0,0.0
EBITDA,-3956575.0,-4253387.0,-3862804.0,-4131357.0,-1195188.0,-15292447.0,0.0,-15284993.0,-56903360.0,-1561957.0
EBIT,-7400432.0,-8877966.0,-10213344.0,-12425513.0,-8692706.0,-20932802.0,0.0,-15554541.0,-57035145.0,-1716640.0
Consolidated Income,-9500000.0,-10576178.0,-12964704.0,-10454427.0,-9638773.0,-21347020.0,0.0,-11606231.0,-60326419.0,-6064669.0
Earnings Before Tax Margin,-63.0834791635,-101.373328605,-2.55703138544,-0.565322651728,-0.376759449237,0.0,0.0,-24.6781949614,0.0,0.0
Net Profit Margin,-63.2115457552,-101.373328605,-2.55703138544,-0.565322651728,-0.376759449237,-0.859845132962,0.0,-24.5174783369,0.0,0.0
