Date,2018-12-31,2017-12-31,2016-12-31,2015-12-31,2014-12-31,2013-12-31,2012-12-31,2011-12-31,2010-12-31,2009-12-31
Revenue,249838000.0,218876000.0,222779000.0,239012000.0,209931000.0,177805000.0,157409000.0,133089000.0,109862000.0,87490000.0
Revenue Growth,0.14145909099216,-0.017519604630598,-0.0679170920288521,0.138526468220511,0.180681083209134,0.129573277258607,0.182734861633944,0.211419781180026,0.255709223911304,0.1719
Cost of Revenue,54772000.0,54143000.0,60108000.0,68149000.0,43510000.0,43426000.0,35797000.0,33304000.0,29640000.0,21076000.0
Gross Profit,195066000.0,164733000.0,162671000.0,170863000.0,166421000.0,134379000.0,121612000.0,99785000.0,80222000.0,66414000.0
R&D Expenses,55707000.0,40034000.0,40198000.0,38974000.0,37329000.0,36397000.0,30051000.0,20222000.0,15711000.0,12111000.0
SG&A Expense,51247000.0,45624000.0,45561000.0,40259000.0,43591000.0,102456000.0,81220000.0,59928000.0,49912000.0,40772000.0
Operating Expenses,218769000.0,182559000.0,182080000.0,181291000.0,171588000.0,138853000.0,111271000.0,80150000.0,65882000.0,53628000.0
Operating Income,-23703000.0,-17826000.0,-19409000.0,-10428000.0,-5167000.0,-4474000.0,10341000.0,19635000.0,14340000.0,12786000.0
Interest Expense,0.0,0.0,0.0,0.0,0.0,0.0,0.0,0.0,0.0,80000.0
Earnings before Tax,-24174000.0,-17690000.0,-19939000.0,-10630000.0,-5489000.0,-4137000.0,10717000.0,19150000.0,14333000.0,12800000.0
Income Tax Expense,858000.0,501000.0,5934000.0,15814000.0,1859000.0,-638000.0,4362000.0,7112000.0,5074000.0,5037000.0
Net Income - Non-Controlling int,0.0,0.0,0.0,0.0,0.0,0.0,0.0,0.0,0.0,0.0
Net Income - Discontinued ops,0.0,0.0,0.0,0.0,0.0,0.0,0.0,0.0,0.0,0.0
Net Income,-25032000.0,-18191000.0,-25873000.0,-26444000.0,-7348000.0,-3499000.0,6355000.0,12038000.0,9259000.0,7763000.0
Preferred Dividends,0.0,0.0,0.0,0.0,0.0,0.0,0.0,0.0,0.0,0.0
Net Income Com,-25032000.0,-18191000.0,-25873000.0,-26444000.0,-7348000.0,-3499000.0,6355000.0,12038000.0,9259000.0,7763000.0
EPS,-0.42,-0.32,-0.46,-0.47,-0.13,-0.06,0.11,0.23,0.18,0.16
EPS Diluted,-0.42,-0.32,-0.46,-0.47,-0.13,-0.06,0.11,0.22,0.18,0.16
Weighted Average Shs Out,59203400.0,56358017.0,56063777.0,56452408.0,54478754.0,54725236.0,55292597.0,52876999.0,50798801.0,48511550.0
Weighted Average Shs Out (Dil),59203400.0,56358017.0,56063777.0,56452408.0,54478754.0,54725236.0,57131041.0,55008742.0,50721880.0,47962688.0
Dividend per Share,0.0,0.0,0.0,0.0,0.0,0.0,0.0,0.0,0.0,0.0
Gross Margin,0.78076993892,0.75263162704,0.730190008933,0.714872056633,0.792741424563,0.755766148309,0.7725860656,0.749761437835,0.7302,0.7591
EBITDA Margin,-0.025472506184,-0.00275041576052,-0.00399050179775,0.0406925175305,0.0428426482987,0.0352014847726,0.115940003431,0.204577388064,0.197,0.208
EBIT Margin,-0.0948734780138,-0.0814433743307,-0.0871222152896,-0.0436296085552,-0.0246128489837,-0.025162397008,0.065695100026,0.147532853955,0.1305,0.1472
Profit Margin,-0.100192925015,-0.0831109852154,-0.11613751745,-0.110638796378,-0.03500197684,-0.0196788616743,0.0403725327014,0.0904507510012,0.084,0.089
Free Cash Flow margin,-0.0686805049672,-0.0324384583052,0.0548346118799,0.0370316134755,0.0242174809818,0.0501335732966,0.106652097402,0.133790170487,0.0687,0.1726
EBITDA,-6364000.0,-602000.0,-889000.0,9726000.0,8994000.0,6259000.0,18250000.0,27227000.0,21610000.0,18200000.0
EBIT,-23703000.0,-17826000.0,-19409000.0,-10428000.0,-5167000.0,-4474000.0,10341000.0,19635000.0,14333000.0,12880000.0
Consolidated Income,-25032000.0,-18191000.0,-25873000.0,-26444000.0,-7348000.0,-3499000.0,6355000.0,12038000.0,9259000.0,7763000.0
Earnings Before Tax Margin,-0.0967586996374,-0.0808220179462,-0.0895012546066,-0.0444747544056,-0.0261466862922,-0.0232670622311,0.0680837817406,0.143888675999,0.1305,0.1463
Net Profit Margin,-0.100192925015,-0.0831109852154,-0.11613751745,-0.110638796378,-0.03500197684,-0.0196788616743,0.0403725327014,0.0904507510012,0.0843,0.0887
