Date,2018-12-31,2017-12-31,2016-12-31,2015-12-31,2014-12-31,2013-12-31,2012-12-31,2011-12-31,2010-12-31,2009-12-31
Revenue,14950000000.0,12497000000.0,10776000000.0,9667000000.0,9473000000.0,8346000000.0,7391000000.0,6714000000.0,5539000000.0,5099000000.0
Revenue Growth,0.196287108906137,0.159706755753526,0.114720182062687,0.0204792568352159,0.13503474718428,0.129211202814234,0.100834078045874,0.212132153818379,0.0862914296920965,0.0214
Cost of Revenue,0.0,0.0,0.0,0.0,321000000.0,258000000.0,230000000.0,194000000.0,153000000.0,0.0
Gross Profit,0.0,0.0,0.0,0.0,9152000000.0,8088000000.0,7161000000.0,6520000000.0,5386000000.0,5099000000.0
R&D Expenses,0.0,0.0,0.0,0.0,0.0,0.0,0.0,0.0,0.0,0.0
SG&A Expense,5174000000.0,4526000000.0,3714000000.0,3341000000.0,3184000000.0,2649000000.0,2429000000.0,2196000000.0,1852000000.0,2698000000.0
Operating Expenses,7668000000.0,5875000000.0,5015000000.0,4589000000.0,4046000000.0,3585000000.0,3224000000.0,3807000000.0,2634000000.0,2839000000.0
Operating Income,7282000000.0,6622000000.0,5761000000.0,5078000000.0,5106000000.0,4503000000.0,3937000000.0,2713000000.0,2752000000.0,2260000000.0
Interest Expense,186000000.0,154000000.0,95000000.0,61000000.0,48000000.0,14000000.0,20000000.0,25000000.0,52000000.0,115000000.0
Earnings before Tax,7204000000.0,6522000000.0,5646000000.0,4958000000.0,5079000000.0,3233000000.0,3932000000.0,2746000000.0,2757000000.0,2218000000.0
Income Tax Expense,1345000000.0,2607000000.0,1587000000.0,1150000000.0,1462000000.0,1384000000.0,1174000000.0,842000000.0,910000000.0,755000000.0
Net Income - Non-Controlling int,0.0,0.0,0.0,0.0,0.0,0.0,0.0,0.0,0.0,0.0
Net Income - Discontinued ops,0.0,0.0,0.0,0.0,0.0,0.0,0.0,0.0,0.0,0.0
Net Income,5859000000.0,3915000000.0,4059000000.0,3808000000.0,3617000000.0,3116000000.0,2759000000.0,1906000000.0,1846000000.0,1463000000.0
Preferred Dividends,0.0,0.0,0.0,0.0,0.0,0.0,0.0,0.0,0.0,0.0
Net Income Com,5859000000.0,3915000000.0,4059000000.0,3808000000.0,3617000000.0,3116000000.0,2759000000.0,1906000000.0,1846000000.0,1463000000.0
EPS,5.63,3.67,3.7,3.36,3.11,2.57,22.02,14.9,14.1,1.119
EPS Diluted,5.6,3.65,3.69,3.35,3.1,2.56,21.94,14.85,14.05,1.116
Weighted Average Shs Out,1041000000.0,1067000000.0,1098000000.0,1134000000.0,1165000000.0,1211000000.0,125000000.0,128000000.0,131000000.0,1297514440.0
Weighted Average Shs Out (Dil),1047000000.0,1072000000.0,1101000000.0,1137000000.0,1169000000.0,1215000000.0,126000000.0,128000000.0,131000000.0,1300000000.0
Dividend per Share,0.997134670487,0.878731343284,0.760217983651,0.639401934916,0.440547476476,0.20987654321,1.04761904762,0.6015625,0.603053435115,0.06
Gross Margin,0.0,0.0,0.0,0.0,0.96611421936,0.969086987779,0.968881071574,0.971105153411,0.972377685503,1.0
EBITDA Margin,0.600401337793,0.644954789149,0.649034892353,0.64218475225,0.645835532566,0.570452911574,0.563793803274,0.432975871314,0.523560209424,0.485
EBIT Margin,0.487090301003,0.529887172922,0.534613956941,0.525292231302,0.539005594849,0.539539899353,0.532674874848,0.404081024724,0.496840584943,0.4575
Profit Margin,0.391906354515,0.313275186045,0.376670378619,0.393917451122,0.381822020479,0.373352504194,0.373291841429,0.283884420614,0.333273153999,0.287
Free Cash Flow margin,0.394180602007,0.420500920221,0.396158129176,0.399917244233,0.341180196348,0.476875149772,0.385874712488,0.388293118856,0.295360173316,0.2428
EBITDA,8976000000.0,8060000000.0,6994000000.0,6208000000.0,6118000000.0,4761000000.0,4167000000.0,2907000000.0,2900000000.0,2474000000.0
EBIT,7282000000.0,6622000000.0,5761000000.0,5078000000.0,5106000000.0,4503000000.0,3937000000.0,2713000000.0,2752000000.0,2333000000.0
Consolidated Income,5859000000.0,3915000000.0,4059000000.0,3808000000.0,3617000000.0,3116000000.0,2759000000.0,1906000000.0,1846000000.0,1463000000.0
Earnings Before Tax Margin,0.481872909699,0.521885252461,0.523942093541,0.512878866246,0.536155389,0.387371195782,0.531998376404,0.408996127495,0.497743274959,0.435
Net Profit Margin,0.391906354515,0.313275186045,0.376670378619,0.393917451122,0.381822020479,0.373352504194,0.373291841429,0.283884420614,0.333273153999,0.2869
