Date,2018-12-31,2017-12-31,2016-12-31,2015-12-31,2014-12-31,2013-12-31,2012-12-31,2011-12-31,2010-12-31,2009-12-31
Revenue,960351000.0,993662000.0,1041271000.0,1288149000.0,1105247000.0,1029475000.0,881323000.0,791250000.0,758559000.0,793048000.0
Revenue Growth,-0.0335234717640405,-0.0457220070471568,-0.191653294766366,0.165485181140505,0.0736025644139003,0.168101819650684,0.113836334913112,0.0430961863216968,-0.0434891708950782,-0.0816
Cost of Revenue,917654000.0,893787000.0,907427000.0,1161772000.0,1005751000.0,961220000.0,830086000.0,796865000.0,778007000.0,328132000.0
Gross Profit,42697000.0,99875000.0,133844000.0,126377000.0,99496000.0,68255000.0,51237000.0,-5615000.0,-19448000.0,464916000.0
R&D Expenses,0.0,0.0,0.0,0.0,0.0,0.0,0.0,0.0,0.0,0.0
SG&A Expense,24160000.0,28240000.0,28217000.0,29870000.0,29412000.0,27772000.0,20412000.0,21113000.0,20703000.0,25933000.0
Operating Expenses,17277000.0,36971000.0,37190000.0,40385000.0,44546000.0,42788000.0,35798000.0,37856000.0,34957000.0,119227000.0
Operating Income,60020000.0,146130000.0,516995000.0,487562000.0,1499042000.0,420090000.0,337426000.0,156866000.0,25190000.0,345689000.0
Interest Expense,182962000.0,171776000.0,163675000.0,211943000.0,190689000.0,197247000.0,176778000.0,195285000.0,212818000.0,264275000.0
Earnings before Tax,64548000.0,161631000.0,554839000.0,522912000.0,1606931000.0,159023000.0,297024000.0,209231000.0,28630000.0,115981000.0
Income Tax Expense,-3604000.0,15594000.0,722000.0,-3223000.0,-4269000.0,-1692000.0,-4159000.0,-6110000.0,-9202000.0,-4761000.0
Net Income - Non-Controlling int,0.0,0.0,0.0,0.0,0.0,0.0,0.0,0.0,0.0,18508000.0
Net Income - Discontinued ops,0.0,0.0,0.0,0.0,0.0,0.0,0.0,0.0,0.0,41984000.0
Net Income,60020000.0,146130000.0,516995000.0,487562000.0,1499042000.0,420090000.0,337426000.0,156866000.0,25190000.0,120742000.0
Preferred Dividends,0.0,0.0,0.0,0.0,0.0,0.0,0.0,0.0,0.0,0.0
Net Income Com,60020000.0,146130000.0,516995000.0,487562000.0,1499042000.0,420090000.0,337426000.0,156866000.0,25190000.0,120742000.0
EPS,0.42,1.02,3.52,3.08,10.46,3.01,2.51,1.18,0.19,1.45
EPS Diluted,0.42,1.02,3.52,3.08,10.45,3.0,2.51,1.18,0.19,1.45
Weighted Average Shs Out,141142000.0,141877000.0,146599000.0,157916000.0,143144000.0,139598000.0,134067000.0,131628000.0,120346000.0,94757688.0
Weighted Average Shs Out (Dil),141144000.0,141913000.0,146711000.0,158060000.0,143291000.0,139680000.0,134148000.0,131628000.0,120346000.0,81226000.0
Dividend per Share,3.21398004874,3.12754293123,5.31185800656,4.979811464,2.69189970061,2.54514604811,2.43153084653,2.2559637767,1.87756967411,2.6
Gross Margin,0.0444597860574,0.100512045343,0.128539064278,0.0981074394344,0.0900215065049,0.0663007843804,0.0581364607528,-0.00709636650869,-0.0256380848424,0.5862
EBITDA Margin,0.408003948556,0.486245826045,0.821582469885,0.715864391464,1.6908781476,0.766938488064,0.747224343402,0.566911848341,0.380170823891,0.829
EBIT Margin,0.0624979825085,0.14706207946,0.496503792,0.378498139579,1.35629592299,0.408062361883,0.382863036594,0.198250868878,0.0332077003898,0.4795
Profit Margin,0.0624979825085,0.14706207946,0.496503792,0.378498139579,1.35629592299,0.408062361883,0.382863036594,0.198250868878,0.0332077003898,0.152
Free Cash Flow margin,0.358526205523,0.388853553824,0.400958059909,0.419498831269,0.362548823928,0.409951674397,0.398600740024,0.299886255924,0.264231259533,-0.0966
EBITDA,391827000.0,483164000.0,855490000.0,922140000.0,1868838000.0,789544000.0,658546000.0,448569000.0,288382000.0,657728000.0
EBIT,60020000.0,146130000.0,516995000.0,487562000.0,1499042000.0,420090000.0,337426000.0,156866000.0,25190000.0,380256000.0
Consolidated Income,60020000.0,146130000.0,516995000.0,487562000.0,1499042000.0,420090000.0,337426000.0,156866000.0,25190000.0,139250000.0
Earnings Before Tax Margin,0.0672129252742,0.162661951448,0.532847836922,0.405940617118,1.45391120718,0.154469996843,0.337020592904,0.264430963665,0.0377426146153,0.1462
Net Profit Margin,0.0624979825085,0.14706207946,0.496503792,0.378498139579,1.35629592299,0.408062361883,0.382863036594,0.198250868878,0.0332077003898,0.1523
