Date,2018-12-31,2017-12-31,2016-12-31,2015-12-31,2014-12-31,2013-12-31,2012-12-28,2011-12-30,2010-12-31,2010-01-01
Revenue,20758000000.0,22894000000.0,17072000000.0,14486000000.0,13796000000.0,12784000000.0,11814000000.0,12317000000.0,11691000000.0,10908000000.0
Revenue Growth,-0.0932995544684197,0.341026241799438,0.178517189010079,0.0500144969556393,0.0791614518147685,0.0821059759607246,-0.0408378663635626,0.0535454623214438,0.0717821782178218,0.0
Cost of Revenue,17465000000.0,1876000000.0,1454000000.0,872000000.0,923000000.0,779000000.0,824000000.0,2196000000.0,1977000000.0,2656000000.0
Gross Profit,3293000000.0,21018000000.0,15618000000.0,13614000000.0,12873000000.0,12005000000.0,10990000000.0,10121000000.0,9714000000.0,8252000000.0
R&D Expenses,0.0,0.0,0.0,0.0,0.0,0.0,0.0,0.0,0.0,0.0
SG&A Expense,927000000.0,894000000.0,704000000.0,634000000.0,659000000.0,726000000.0,645000000.0,752000000.0,780000000.0,722000000.0
Operating Expenses,927000000.0,18659000000.0,14250000000.0,12264000000.0,11714000000.0,11017000000.0,10050000000.0,9595000000.0,9019000000.0,8404000000.0
Operating Income,2366000000.0,2359000000.0,1368000000.0,1350000000.0,1159000000.0,988000000.0,940000000.0,526000000.0,695000000.0,-152000000.0
Interest Expense,340000000.0,288000000.0,234000000.0,167000000.0,115000000.0,120000000.0,137000000.0,164000000.0,180000000.0,-65000000.0
Earnings before Tax,2345000000.0,2836000000.0,1184000000.0,1255000000.0,1088000000.0,897000000.0,849000000.0,356000000.0,551000000.0,-411000000.0
Income Tax Expense,438000000.0,1464000000.0,404000000.0,396000000.0,335000000.0,271000000.0,278000000.0,158000000.0,93000000.0,-65000000.0
Net Income - Non-Controlling int,0.0,0.0,0.0,0.0,0.0,0.0,0.0,0.0,0.0,0.0
Net Income - Discontinued ops,0.0,0.0,0.0,0.0,0.0,0.0,0.0,0.0,0.0,0.0
Net Income,1907000000.0,1372000000.0,780000000.0,859000000.0,753000000.0,626000000.0,571000000.0,198000000.0,458000000.0,-346000000.0
Preferred Dividends,0.0,0.0,0.0,0.0,0.0,0.0,0.0,0.0,0.0,0.0
Net Income Com,1907000000.0,1372000000.0,780000000.0,859000000.0,753000000.0,626000000.0,571000000.0,198000000.0,458000000.0,-346000000.0
EPS,5.45,3.66,2.68,3.22,2.6,2.05,1.77,0.56,1.26,-0.97
EPS Diluted,5.38,3.61,2.64,3.15,2.54,2.0,1.72,0.55,1.21,-0.97
Weighted Average Shs Out,350100000.0,375200000.0,290900000.0,267300000.0,289900000.0,305000000.0,322600000.0,350100000.0,362800000.0,0.0
Weighted Average Shs Out (Dil),354200000.0,379900000.0,295700000.0,272800000.0,296800000.0,313000000.0,332900000.0,362300000.0,378300000.0,0.0
Dividend per Share,1.53303218521,1.26875493551,1.26479540074,0.927419354839,0.751347708895,0.626198083067,0.573745869631,0.36985923268,0.113666402326,0.0
Gross Margin,0.158637633683,0.918057132873,0.914831302718,0.93980394864,0.933096549725,0.939064455569,0.930252243101,0.82170983194,0.830895560688,0.756508984232
EBITDA Margin,0.127661624434,0.115707172185,0.0899718837863,0.102788899627,0.0947376051029,0.0872183979975,0.0918401896056,0.0563448891776,0.0746728252502,0.00302530253025
EBIT Margin,0.11398015223,0.103040097842,0.0801312089972,0.0931934281375,0.0840098579298,0.0772841051314,0.0795666158795,0.0427052041893,0.0594474382003,-0.013934726806
Profit Margin,0.0918681953945,0.0599283655106,0.0456888472352,0.0592986331631,0.054581037982,0.0489674593242,0.04833248688,0.0160753430218,0.0391754340946,-0.0317198386505
Free Cash Flow margin,0.0867617304172,0.0959203284703,0.0810098406748,0.0776611901146,0.0589301246738,0.0575719649562,0.0467242254952,0.0735568726151,0.0721922846634,0.0660982764943
EBITDA,2650000000.0,2649000000.0,1536000000.0,1489000000.0,1307000000.0,1115000000.0,1085000000.0,694000000.0,873000000.0,33000000.0
EBIT,2366000000.0,2359000000.0,1368000000.0,1350000000.0,1159000000.0,988000000.0,940000000.0,526000000.0,695000000.0,-152000000.0
Consolidated Income,1907000000.0,1372000000.0,780000000.0,859000000.0,753000000.0,626000000.0,571000000.0,198000000.0,458000000.0,-346000000.0
Earnings Before Tax Margin,0.112968494075,0.123875251158,0.0693533270853,0.0866353720834,0.0788634386779,0.0701658322904,0.0718638902996,0.0289031419989,0.0471302711487,-0.0376787678768
Net Profit Margin,0.0918681953945,0.0599283655106,0.0456888472352,0.0592986331631,0.054581037982,0.0489674593242,0.04833248688,0.0160753430218,0.0391754340946,-0.0317198386505
