Date,2018-12-31,2017-12-31,2016-12-31,2015-12-31,2014-12-31,2013-12-31,2012-12-31,2011-12-31,2010-12-31,2009-12-31
Revenue,2222800000.0,2046900000.0,1941600000.0,1884900000.0,1714200000.0,1637200000.0,1560000000.0,1722000000.0,1646000000.0,1392000000.0
Revenue Growth,0.0859348282769065,0.0542336217552534,0.0300811714149292,0.09957997899895,0.0470315172245297,0.0494871794871795,-0.0940766550522648,0.0461725394896719,0.182471264367816,-0.256
Cost of Revenue,1838200000.0,1689000000.0,1603300000.0,1493600000.0,1426900000.0,1404300000.0,1343500000.0,1454000000.0,150000000.0,1204000000.0
Gross Profit,384600000.0,357900000.0,338300000.0,391300000.0,287300000.0,232900000.0,216500000.0,268000000.0,1496000000.0,188000000.0
R&D Expenses,0.0,0.0,0.0,0.0,0.0,0.0,0.0,0.0,0.0,0.0
SG&A Expense,220800000.0,208500000.0,185100000.0,195000000.0,147300000.0,132600000.0,119800000.0,154000000.0,158000000.0,154000000.0
Operating Expenses,220800000.0,208500000.0,185100000.0,195000000.0,147300000.0,132600000.0,119800000.0,154000000.0,1537000000.0,154000000.0
Operating Income,163800000.0,149400000.0,153200000.0,196300000.0,140000000.0,100300000.0,96700000.0,114000000.0,109000000.0,34000000.0
Interest Expense,18700000.0,24200000.0,24100000.0,18500000.0,17300000.0,14400000.0,11700000.0,25000000.0,26000000.0,25000000.0
Earnings before Tax,147700000.0,125200000.0,129100000.0,177800000.0,122700000.0,85900000.0,85000000.0,87000000.0,0.0,49000000.0
Income Tax Expense,38700000.0,-106800000.0,48600000.0,74800000.0,51900000.0,32200000.0,33000000.0,32000000.0,38000000.0,5000000.0
Net Income - Non-Controlling int,0.0,0.0,0.0,0.0,0.0,0.0,0.0,0.0,0.0,0.0
Net Income - Discontinued ops,0.0,0.0,0.0,0.0,0.0,0.0,0.0,0.0,0.0,-37000000.0
Net Income,109000000.0,232000000.0,80500000.0,103000000.0,70800000.0,53700000.0,45900000.0,34000000.0,92000000.0,44000000.0
Preferred Dividends,0.0,0.0,0.0,0.0,0.0,0.0,0.0,0.0,0.0,0.0
Net Income Com,109000000.0,232000000.0,80500000.0,103000000.0,70800000.0,53700000.0,45900000.0,34000000.0,92000000.0,44000000.0
EPS,2.55,5.41,1.87,2.37,1.65,1.26,1.09,0.82,2.23,1.08
EPS Diluted,2.53,5.37,1.85,2.34,1.63,1.25,1.08,0.81,2.22,1.08
Weighted Average Shs Out,42700000.0,42900000.0,43100000.0,43500000.0,43000000.0,42700000.0,42300000.0,41600000.0,41200000.0,41042035.0
Weighted Average Shs Out (Dil),43000000.0,43200000.0,43500000.0,44000000.0,43400000.0,43100000.0,42700000.0,42000000.0,41500000.0,41000000.0
Dividend per Share,0.823255813953,0.782407407407,0.740229885057,0.7,0.661290322581,0.62180974478,0.925058548009,1.2619047619,1.25301204819,0.604
Gross Margin,0.173025013496,0.174849772827,0.174237742068,0.207597220012,0.167600046669,0.142255069631,0.138782051282,0.155632984901,0.908869987849,0.1351
EBITDA Margin,0.099334173115,0.0998583223411,0.108879274825,0.136134542947,0.110022167775,0.0903982408991,0.0935256410256,0.12950058072,0.131227217497,0.129
EBIT Margin,0.0736908403815,0.0729884215155,0.0789039967037,0.104143455886,0.0816707502042,0.0612631321769,0.0619871794872,0.0662020905923,0.0662211421628,0.0532
Profit Margin,0.0490372503149,0.113342127119,0.0414606510095,0.0546448087432,0.0413020651033,0.0327999022722,0.0294230769231,0.0197444831591,0.0558930741191,0.032
Free Cash Flow margin,-0.0432787475256,-0.0401094337779,-0.0111248454883,0.0941694519603,0.080387352701,0.0980332274615,0.0358333333333,0.0110336817654,0.0334143377886,0.0833
EBITDA,220800000.0,204400000.0,211400000.0,256600000.0,188600000.0,148000000.0,145900000.0,223000000.0,216000000.0,179000000.0
EBIT,163800000.0,149400000.0,153200000.0,196300000.0,140000000.0,100300000.0,96700000.0,114000000.0,109000000.0,74000000.0
Consolidated Income,109000000.0,232000000.0,80500000.0,103000000.0,70800000.0,53700000.0,45900000.0,34000000.0,92000000.0,44000000.0
Earnings Before Tax Margin,0.0664477235919,0.0611656651522,0.0664915533581,0.0943286115974,0.0715785789289,0.052467627657,0.0544871794872,0.0505226480836,0.0,0.0352
Net Profit Margin,0.0490372503149,0.113342127119,0.0414606510095,0.0546448087432,0.0413020651033,0.0327999022722,0.0294230769231,0.0197444831591,0.0558930741191,0.0316
