Date,2018-12-31,2017-12-31,2016-12-31,2015-12-31,2014-12-31,2013-12-31,2012-12-31,2011-12-31,2010-12-31,2009-12-31
Revenue,3065216000.0,2577614000.0,2326844000.0,1909036000.0,1694584000.0,1629175000.0,46881000.0,844168000.0,31750000.0,898303000.0
Revenue Growth,0.189167966964798,0.107772588106465,0.218858104299762,0.126551413208197,0.0401485414396857,33.7512851688317,-0.944464845860066,25.587968503937,-0.964655578351625,-0.3839
Cost of Revenue,-296846000.0,2162655000.0,1963421000.0,1610810000.0,1413893000.0,1339858000.0,-130213000.0,0.0,0.0,711892000.0
Gross Profit,3362062000.0,414959000.0,363423000.0,298226000.0,280691000.0,289317000.0,177094000.0,0.0,0.0,186411000.0
R&D Expenses,0.0,0.0,0.0,0.0,0.0,0.0,0.0,0.0,0.0,0.0
SG&A Expense,329801000.0,287488000.0,250540000.0,226317000.0,203253000.0,213283000.0,167295000.0,176105000.0,208315000.0,229858000.0
Operating Expenses,335046000.0,2078273000.0,1889257000.0,1552007000.0,1368180000.0,1338939000.0,977943000.0,922619000.0,208315000.0,267505000.0
Operating Income,263854000.0,229732000.0,151781000.0,65791000.0,63143000.0,314385000.0,62699000.0,-78451000.0,-59175000.0,-81094000.0
Interest Expense,0.0,0.0,0.0,0.0,0.0,0.0,800000.0,0.0,0.0,38582000.0
Earnings before Tax,263854000.0,229732000.0,151781000.0,71051000.0,62023000.0,321122000.0,74777000.0,-107472000.0,-70601000.0,-107335000.0
Income Tax Expense,53074000.0,87897000.0,48570000.0,35633000.0,37332000.0,-184560000.0,1584000.0,-9082000.0,-5831000.0,-132014000.0
Net Income - Non-Controlling int,0.0,0.0,0.0,0.0,0.0,0.0,0.0,0.0,0.0,0.0
Net Income - Discontinued ops,0.0,0.0,0.0,0.0,0.0,0.0,0.0,0.0,0.0,0.0
Net Income,210780000.0,141835000.0,103211000.0,65791000.0,63143000.0,314385000.0,62699000.0,-98390000.0,-64770000.0,24679000.0
Preferred Dividends,0.0,0.0,0.0,0.0,0.0,0.0,0.0,0.0,0.0,0.0
Net Income Com,210780000.0,141835000.0,103211000.0,65791000.0,63143000.0,314385000.0,62699000.0,-98390000.0,-64770000.0,24679000.0
EPS,3.74,2.54,2.01,1.35,1.29,6.39,1.29,-2.12,-1.4,0.425
EPS Diluted,3.66,2.48,2.0,1.34,1.29,6.34,1.28,-2.12,-1.4,0.425
Weighted Average Shs Out,56084373.0,55663908.0,51286942.0,48764396.0,48615541.0,48453119.0,47660629.0,46796000.0,0.0,57527548.0
Weighted Average Shs Out (Dil),57250704.0,56901461.0,51447147.0,48967219.0,48817566.0,48831785.0,48064839.0,46796000.0,0.0,57527548.0
Dividend per Share,1.18283261635,0.912050395332,0.954144259933,0.997973766899,1.0000498591,0.0,2.01633880434,1.01359090521,0.0,0.817
Gross Margin,1.09684341984,0.160985702281,0.156187092904,0.156218112178,0.165640062694,0.17758497399,3.77752181054,0.0,0.0,0.2075
EBITDA Margin,0.0929180847288,0.0911901471671,0.067435977659,0.0366467683166,0.03991363072,0.195478079396,1.45178217188,-0.0733396669857,-1.33014173228,-0.06
EBIT Margin,0.0860800674406,0.0891258349776,0.065230415103,0.0344629436009,0.0372616524173,0.192971902957,1.33740747851,-0.0929329233044,-1.86377952756,-0.0765
Profit Margin,0.0687651375955,0.0550256943049,0.0443566478887,0.0344629436009,0.0372616524173,0.192971902957,1.33740747851,-0.116552629334,-2.04,0.027
Free Cash Flow margin,-0.00257926358208,0.0254002344804,0.0498172632115,0.000112622286851,-0.0965706037588,-0.165451225313,-2.32117488961,-0.0951042920367,-6.84188976378,0.2165
EBITDA,284814000.0,235053000.0,156913000.0,69960000.0,67637000.0,318468000.0,68061000.0,-61911000.0,-42232000.0,-54296000.0
EBIT,263854000.0,229732000.0,151781000.0,65791000.0,63143000.0,314385000.0,62699000.0,-78451000.0,-59175000.0,-68753000.0
Consolidated Income,210780000.0,141835000.0,103211000.0,65791000.0,63143000.0,314385000.0,62699000.0,-98390000.0,-64770000.0,24679000.0
Earnings Before Tax Margin,0.0860800674406,0.0891258349776,0.065230415103,0.0372182609443,0.0366007232454,0.197107124772,1.59503850174,-0.127311151335,-2.22365354331,-0.1195
Net Profit Margin,0.0687651375955,0.0550256943049,0.0443566478887,0.0344629436009,0.0372616524173,0.192971902957,1.33740747851,-0.116552629334,-2.04,0.0275
