Date,2018-12-31,2017-12-31,2016-12-31,2015-12-31,2014-12-31,2013-12-31,2012-12-31,2011-12-31,2010-12-31,2009-12-31
Revenue,6705000000.0,2984768000.0,2635983000.0,3070275000.0,2300889000.0,2658932000.0,3641624000.0,3445110000.0,2403743000.0,3281790000.0
Revenue Growth,1.24640575079872,0.132316862438035,-0.141450521533087,0.334386404559281,-0.13465669674892,-0.269849935083908,0.0570414297366412,0.433227262648295,-0.267551244899887,0.0593
Cost of Revenue,8922000000.0,2526825000.0,2373849000.0,2790412000.0,2136800000.0,2906435000.0,3099604000.0,2977400000.0,1864481000.0,2781735000.0
Gross Profit,-2217000000.0,457943000.0,262134000.0,279863000.0,164089000.0,-247503000.0,542020000.0,467710000.0,539262000.0,500055000.0
R&D Expenses,20000000.0,4946000.0,0.0,0.0,0.0,0.0,0.0,0.0,0.0,0.0
SG&A Expense,282000000.0,198973000.0,178752000.0,217239000.0,208564000.0,201171000.0,205974000.0,212002000.0,216763000.0,218063000.0
Operating Expenses,40000000.0,133741000.0,119881000.0,167181000.0,147687000.0,201171000.0,205974000.0,212002000.0,216763000.0,217149000.0
Operating Income,-2256000000.0,324202000.0,142253000.0,91196000.0,8554000.0,-464790000.0,319327000.0,250723000.0,314905000.0,282906000.0
Interest Expense,0.0,0.0,0.0,0.0,0.0,0.0,0.0,529000.0,2584000.0,0.0
Earnings before Tax,-2571000000.0,193644000.0,63312000.0,43124000.0,-65394000.0,-497955000.0,213926000.0,251291000.0,303794000.0,447617000.0
Income Tax Expense,104000000.0,68716000.0,41926000.0,51963000.0,20073000.0,49051000.0,129204000.0,87124000.0,41182000.0,60561000.0
Net Income - Non-Controlling int,0.0,0.0,0.0,0.0,0.0,0.0,0.0,0.0,0.0,3394000.0
Net Income - Discontinued ops,0.0,0.0,0.0,0.0,0.0,0.0,0.0,0.0,0.0,-180898000.0
Net Income,-2687000000.0,178546000.0,34117000.0,-17983000.0,-75994000.0,-516913000.0,206653000.0,138730000.0,201666000.0,387056000.0
Preferred Dividends,0.0,0.0,0.0,0.0,0.0,0.0,0.0,0.0,0.0,0.0
Net Income Com,-2687000000.0,178546000.0,34117000.0,-17983000.0,-75994000.0,-516913000.0,206653000.0,138730000.0,201666000.0,387056000.0
EPS,-17.94,0.65,0.14,-0.08,-0.32,-2.19,0.88,0.59,0.87,5.07
EPS Diluted,-17.94,0.63,0.12,-0.08,-0.32,-2.19,0.87,0.59,0.85,4.98
Weighted Average Shs Out,150000000.0,273337931.0,240359363.0,238240763.0,237229086.0,236514584.0,235638422.0,234598901.0,232173362.0,76723750.0
Weighted Average Shs Out (Dil),150000000.0,285634757.0,284184239.0,238240763.0,237229086.0,236514584.0,237619688.0,237040507.0,235622029.0,76490264.0
Dividend per Share,0.02,0.0031578789972,0.0,0.0,0.0,0.0,0.0,0.0,0.0,0.0
Gross Margin,-0.330648769575,0.153426664987,0.0994444956587,0.0911524212001,0.0713154784955,-0.0930836140225,0.148840187784,0.135760541753,0.22434261899,0.1524
EBITDA Margin,-0.289485458613,0.146801359436,0.0979031351871,0.0723856983495,0.0527874226006,-0.1360482329,0.111424737974,0.0966918327717,0.171886511994,0.161
EBIT Margin,-0.336465324385,0.108618827326,0.0539658260315,0.0297028767781,0.00371769346544,-0.174803266876,0.0876880754301,0.0727764860919,0.131006101734,0.1364
Profit Margin,-0.400745712155,0.0598190546133,0.012942799707,-0.00585713006164,-0.0330281034852,-0.194406250329,0.0567474840895,0.0402686706665,0.0838966561733,0.118
Free Cash Flow margin,-0.0234153616704,0.00569323980959,-0.0189303193533,-0.0154966574655,-0.136567648418,-0.203304559876,-0.0210142507848,-0.0537500979649,0.0821489651764,-0.0003
EBITDA,-1941000000.0,438168000.0,258071000.0,222244000.0,121458000.0,-361743000.0,405767000.0,333114000.0,413171000.0,527484000.0
EBIT,-2256000000.0,324202000.0,142253000.0,91196000.0,8554000.0,-464790000.0,319327000.0,250723000.0,314905000.0,447617000.0
Consolidated Income,-2687000000.0,178546000.0,34117000.0,-17983000.0,-75994000.0,-516913000.0,206653000.0,138730000.0,201666000.0,390450000.0
Earnings Before Tax Margin,-0.383445190157,0.064877404207,0.0240183643066,0.0140456473769,-0.0284211885058,-0.187276319966,0.0587446699604,0.0729413574603,0.126383727379,0.1364
Net Profit Margin,-0.400745712155,0.0598190546133,0.012942799707,-0.00585713006164,-0.0330281034852,-0.194406250329,0.0567474840895,0.0402686706665,0.0838966561733,0.1179
