Date,2018-12-31,2017-12-31,2016-12-31,2015-12-31,2014-12-31,2013-12-31,2012-12-31,2011-12-31,2010-12-31,2009-12-31
Revenue,501003000.0,301563000.0,274534000.0,272773000.0,285285000.0,356886000.0,298189000.0,298189000.0,257552000.0,169743000.0
Revenue Growth,0.661354343868445,0.0984541076879367,0.0064559175578228,-0.0438578964894754,-0.20062709100385,0.196844954039217,0,0.157781729514816,0.517305573720271,0.5421
Cost of Revenue,121104000.0,73751000.0,68870000.0,71458000.0,76078000.0,89040000.0,73693000.0,73693000.0,65083000.0,45355000.0
Gross Profit,379899000.0,227812000.0,205664000.0,201315000.0,209207000.0,267846000.0,224496000.0,224496000.0,192469000.0,124388000.0
R&D Expenses,2200000.0,1500000.0,2000000.0,0.0,0.0,0.0,0.0,0.0,0.0,0.0
SG&A Expense,310836000.0,188180000.0,178805000.0,172631000.0,178961000.0,234256000.0,197114000.0,197114000.0,160829000.0,105891000.0
Operating Expenses,313036000.0,189680000.0,180805000.0,172631000.0,178961000.0,234256000.0,197114000.0,197114000.0,160829000.0,105891000.0
Operating Income,69063000.0,39632000.0,26859000.0,28684000.0,30246000.0,33590000.0,27382000.0,27382000.0,31640000.0,18497000.0
Interest Expense,0.0,0.0,0.0,0.0,0.0,0.0,0.0,102000.0,0.0,145000.0
Earnings before Tax,70548000.0,40326000.0,27122000.0,29671000.0,0.0,34187000.0,27680000.0,27680000.0,31692000.0,18424000.0
Income Tax Expense,14759000.0,12605000.0,9287000.0,10104000.0,10664000.0,10218000.0,9139000.0,9139000.0,12081000.0,7067000.0
Net Income - Non-Controlling int,0.0,0.0,0.0,0.0,0.0,0.0,0.0,0.0,0.0,0.0
Net Income - Discontinued ops,0.0,0.0,0.0,0.0,0.0,0.0,0.0,0.0,0.0,0.0
Net Income,55789000.0,27721000.0,17835000.0,20058000.0,13181000.0,23969000.0,18541000.0,18541000.0,19611000.0,11357000.0
Preferred Dividends,0.0,0.0,0.0,0.0,0.0,0.0,0.0,0.0,0.0,0.0
Net Income Com,55789000.0,27721000.0,17835000.0,20058000.0,13181000.0,23969000.0,18541000.0,18541000.0,19611000.0,11357000.0
EPS,4.67,2.32,1.51,1.68,1.04,1.74,1.33,1.33,1.39,0.84
EPS Diluted,4.62,2.29,1.49,1.66,1.03,1.73,1.31,1.31,1.35,0.77
Weighted Average Shs Out,11947000.0,11924000.0,11842000.0,11959252.0,12670387.0,13774083.0,13965018.0,13965018.0,15421601.0,15383941.0
Weighted Average Shs Out (Dil),12079000.0,12088000.0,11947000.0,12070730.0,12778277.0,13817693.0,14198495.0,14198495.0,14082213.0,13515318.0
Dividend per Share,1.91737726633,1.2731634679,0.995145224743,0.0,0.0,0.0,0.0,0.0,0.0,0.0
Gross Margin,0.758276896546,0.755437503938,0.749138540217,0.738031256759,0.7333263228,0.75050856576,0.752864793805,0.752864793805,0.7473,0.7328
EBITDA Margin,0.147841430091,0.147710428667,0.117522784063,0.13124099526,0.134244702666,0.126012227994,0.119809919212,0.119809919212,0.146,0.14
EBIT Margin,0.137849473955,0.131421958264,0.0978348765545,0.105157035337,0.106020295494,0.0941196908817,0.0918276663458,0.0918276663458,0.1231,0.1094
Profit Margin,0.111354622627,0.091924407172,0.0649646309747,0.0735336708545,0.0462029198871,0.0671615025526,0.0621786853304,0.0621786853304,0.076,0.067
Free Cash Flow margin,0.111528274282,0.132625686838,0.0818623558466,0.0974876545699,0.0648894964684,0.086173175748,0.0690736412141,0.0690736412141,0.0649,0.0827
EBITDA,74069000.0,44544000.0,32264000.0,35799000.0,38298000.0,44972000.0,35726000.0,35726000.0,37551000.0,23836000.0
EBIT,69063000.0,39632000.0,26859000.0,28684000.0,30246000.0,33590000.0,27382000.0,27382000.0,31692000.0,18569000.0
Consolidated Income,55789000.0,27721000.0,17835000.0,20058000.0,13181000.0,23969000.0,18541000.0,18541000.0,19611000.0,11357000.0
Earnings Before Tax Margin,0.140813528063,0.133723301599,0.0987928635433,0.108775428653,0.0,0.0957924939617,0.0928270325196,0.0928270325196,0.1231,0.1085
Net Profit Margin,0.111354622627,0.091924407172,0.0649646309747,0.0735336708545,0.0462029198871,0.0671615025526,0.0621786853304,0.0621786853304,0.0761,0.0669
