Date,2018-12-31,2017-12-31,2016-12-31,2015-12-31,2014-12-31,2013-12-31,2012-12-31,2011-12-31,2010-12-31,2009-12-31
Revenue,0.0,0.0,0.0,0.0,0.0,0.0,0.0,0.0,48232000.0,46700233.0
Revenue Growth,0.0,0.0,0.0,0.0,0.0,0.0,0.0,-1,0.03279998624418,0.4239
Cost of Revenue,0.0,0.0,0.0,0.0,0.0,0.0,0.0,0.0,0.0,0.0
Gross Profit,0.0,0.0,0.0,0.0,0.0,0.0,0.0,0.0,48232000.0,46700233.0
R&D Expenses,2719000.0,2202000.0,2117000.0,1749000.0,1652000.0,1452000.0,1471000.0,1300606.0,0.0,0.0
SG&A Expense,32964000.0,27229000.0,27427000.0,25526000.0,23560000.0,22492000.0,21335000.0,21690375.0,28275000.0,30669119.0
Operating Expenses,36783000.0,29431000.0,29544000.0,27275000.0,25212000.0,23944000.0,22806000.0,22990981.0,40004000.0,43325755.0
Operating Income,21824000.0,19108000.0,17627000.0,16840000.0,14401000.0,13008000.0,9878000.0,3813343.0,8228000.0,3374478.0
Interest Expense,16591000.0,10611000.0,9247000.0,8803000.0,8923000.0,11224000.0,14704000.0,20033872.0,0.0,0.0
Earnings before Tax,21824000.0,19108000.0,17627000.0,16840000.0,14401000.0,13008000.0,9878000.0,3813343.0,8228000.0,3374478.0
Income Tax Expense,2960000.0,6793000.0,4386000.0,4578000.0,3583000.0,3808000.0,2632000.0,329000.0,1676000.0,211000.0
Net Income - Non-Controlling int,0.0,0.0,0.0,0.0,0.0,0.0,0.0,0.0,0.0,0.0
Net Income - Discontinued ops,0.0,0.0,0.0,0.0,0.0,0.0,0.0,0.0,0.0,0.0
Net Income,18864000.0,12315000.0,13241000.0,12262000.0,10818000.0,9200000.0,7246000.0,3484343.0,6552000.0,3163478.0
Preferred Dividends,0.0,0.0,0.0,0.0,0.0,1257000.0,1446000.0,2114961.0,1803000.0,1803064.0
Net Income Com,18864000.0,12315000.0,13241000.0,12262000.0,10818000.0,9200000.0,7246000.0,3484343.0,4749000.0,1360414.0
EPS,2.25,1.67,1.79,1.66,1.51,1.12,0.83,0.2,0.69,0.2
EPS Diluted,2.21,1.64,1.76,1.62,1.46,1.09,0.82,0.2,0.69,0.2
Weighted Average Shs Out,8394195.0,7360066.0,7391681.0,7374589.0,7160700.0,7076877.0,6951727.0,0.0,6984754.0,6984754.0
Weighted Average Shs Out (Dil),8543497.0,7502059.0,7538838.0,7547885.0,7391831.0,7257818.0,7055684.0,0.0,6984754.0,6984754.0
Dividend per Share,0.743723559568,0.648088744703,0.56825733621,0.470330430313,0.310748446495,0.406871596946,0.441204566418,0.0,0.24,0.42
Gross Margin,0.0,0.0,0.0,0.0,0.0,0.0,0.0,0.0,1.0,1.0
EBITDA Margin,0.0,0.0,0.0,0.0,0.0,0.0,0.0,0.0,0.291,0.17
EBIT Margin,0.0,0.0,0.0,0.0,0.0,0.0,0.0,0.0,0.1706,0.0723
Profit Margin,0.0,0.0,0.0,0.0,0.0,0.0,0.0,0.0,0.098,0.029
Free Cash Flow margin,0.0,0.0,0.0,0.0,0.0,0.0,0.0,0.0,0.3402,0.1819
EBITDA,27019000.0,23650000.0,22633000.0,21386000.0,18514000.0,18764000.0,15615000.0,9955665.0,14051000.0,7936397.0
EBIT,21824000.0,19108000.0,17627000.0,16840000.0,14401000.0,13008000.0,9878000.0,3813343.0,8228000.0,3374478.0
Consolidated Income,18864000.0,12315000.0,13241000.0,12262000.0,10818000.0,9200000.0,7246000.0,3484343.0,6552000.0,3163478.0
Earnings Before Tax Margin,0.0,0.0,0.0,0.0,0.0,0.0,0.0,0.0,0.1706,0.0723
Net Profit Margin,0.0,0.0,0.0,0.0,0.0,0.0,0.0,0.0,0.1358,0.0677
