Date,2018-12-31,2017-12-31,2016-12-31,2015-12-31,2014-12-31,2013-12-31,2012-12-31,2011-12-31,2010-12-31,2009-12-31
Revenue,11763096000.0,10773904000.0,9455123000.0,9190068000.0,10081984000.0,9809663000.0,9160844000.0,7849312000.0,0.0,6676281000.0
Revenue Growth,0.0918137009574245,0.139477931699038,0.0288414623265029,-0.0884663177406352,0.0277604847383646,0.0708252427396428,0.167088784341863,0.0,-1,-0.1532
Cost of Revenue,9095866000.0,3824272000.0,3212889000.0,4225752000.0,2715837000.0,2703041000.0,3692074000.0,-289794000.0,0.0,3571305000.0
Gross Profit,2667230000.0,6949632000.0,6242234000.0,4964316000.0,7366147000.0,7106622000.0,5468770000.0,8139106000.0,0.0,3104976000.0
R&D Expenses,0.0,0.0,0.0,0.0,0.0,0.0,0.0,0.0,0.0,0.0
SG&A Expense,1764638000.0,1559915000.0,1378617000.0,1309104000.0,1318749000.0,1278450000.0,1239774000.0,1182505000.0,0.0,1243957000.0
Operating Expenses,1345434000.0,5380129000.0,4690063000.0,5378431000.0,6106445000.0,6038170000.0,5341862000.0,4173054000.0,0.0,3314932000.0
Operating Income,1469486000.0,1715492000.0,2079787000.0,-156232000.0,1323538000.0,1111512000.0,80526000.0,4057146000.0,0.0,-209956000.0
Interest Expense,769513000.0,668745000.0,694773000.0,797579000.0,817061000.0,857347000.0,1116358000.0,1086832000.0,0.0,775431000.0
Earnings before Tax,634006000.0,963755000.0,1259177000.0,-1046243000.0,410886000.0,87765000.0,-1734213000.0,-902613000.0,0.0,-2012593000.0
Income Tax Expense,50112000.0,-1132663000.0,22299000.0,-6594000.0,283708000.0,31263000.0,-117301000.0,-403313000.0,0.0,-720911000.0
Net Income - Non-Controlling int,0.0,0.0,0.0,0.0,0.0,0.0,0.0,0.0,0.0,0.0
Net Income - Discontinued ops,0.0,0.0,0.0,0.0,0.0,0.0,0.0,0.0,0.0,0.0
Net Income,466772000.0,1960286000.0,1101440000.0,-447720000.0,-149873000.0,-156606000.0,-1767691000.0,3114637000.0,0.0,-1291682000.0
Preferred Dividends,0.0,0.0,0.0,0.0,0.0,0.0,0.0,0.0,0.0,0.0
Net Income Com,466772000.0,1960286000.0,1101440000.0,-447720000.0,-149873000.0,-156606000.0,-1767691000.0,3114637000.0,0.0,-1291682000.0
EPS,0.82,3.39,1.94,-0.82,-0.31,-0.32,-3.62,6.37,0.0,-3.41
EPS Diluted,0.81,3.35,1.92,-0.82,-0.31,-0.32,-3.62,5.62,0.0,-3.41
Weighted Average Shs Out,544253000.0,572253000.0,568134000.0,542873000.0,490875000.0,489661000.0,488988000.0,488652000.0,0.0,441219641.0
Weighted Average Shs Out (Dil),549536000.0,578795000.0,573317000.0,542873000.0,490875000.0,489661000.0,488988000.0,560895000.0,0.0,441219641.0
Dividend per Share,0.474203691842,0.435411501482,0.180296415421,0.565927942631,0.78779526356,0.650139586367,0.422926533984,0.0,0.0,0.0
Gross Margin,0.226745577865,0.6450430596,0.660195959376,0.540182727701,0.730624746082,0.724451186549,0.596972287706,1.03691966888,0.0,0.4651
EBITDA Margin,0.228564996834,0.254500875449,0.314095014946,0.0772498092506,0.215925059988,0.203474675939,0.118069033814,0.632933434166,0.0,-0.082
EBIT Margin,0.124923404519,0.159226590473,0.219964034312,-0.0170000918383,0.131277534263,0.113307867967,0.0087902381047,0.516879186354,0.0,-0.1853
Profit Margin,0.0396810499549,0.18194760228,0.116491345485,-0.048717811446,-0.014865427281,-0.0159644627955,-0.192961587382,0.396803821787,0.0,-0.193
Free Cash Flow margin,0.0200369018496,0.0317739047981,-0.0770482837717,-0.050243371431,0.0256525898077,0.0762843738873,0.0531160665982,0.0476324549209,0.0,0.0709
EBITDA,2688632000.0,2741968000.0,2969807000.0,709931000.0,2176953000.0,1996018000.0,1081612000.0,4968092000.0,0.0,-547889000.0
EBIT,1469486000.0,1715492000.0,2079787000.0,-156232000.0,1323538000.0,1111512000.0,80526000.0,4057146000.0,0.0,-1237162000.0
Consolidated Income,466772000.0,1960286000.0,1101440000.0,-447720000.0,-149873000.0,-156606000.0,-1767691000.0,3114637000.0,0.0,-1291682000.0
Earnings Before Tax Margin,0.0538978853866,0.0894527183461,0.133174047551,-0.113844968285,0.0407544784836,0.00894679052685,-0.18930712061,-0.114992626105,0.0,-0.3015
Net Profit Margin,0.0396810499549,0.18194760228,0.116491345485,-0.048717811446,-0.014865427281,-0.0159644627955,-0.192961587382,0.396803821787,0.0,-0.1935
