Date,2018-12-31,2017-12-31,2016-12-31,2015-12-31,2014-12-31,2013-12-31,2012-12-31,2011-12-31,2010-12-31,2009-12-31
Revenue,2826573000.0,2507661000.0,2205410000.0,2188453000.0,2303723000.0,1897606000.0,1772074000.0,1748667000.0,1557447000.0,1014171000.0
Revenue Growth,0.127175084670536,0.137049800263897,0.00774839578460218,-0.050036397605094,0.214015448939348,0.0708390281669953,0.0133856245929042,0.122777853756821,0.5356848105497,-0.1644
Cost of Revenue,1618826000.0,1410225000.0,1201239000.0,1139987000.0,1200598000.0,1066329000.0,0.0,0.0,0.0,537926000.0
Gross Profit,1207747000.0,1097436000.0,1004171000.0,1048466000.0,1103125000.0,831277000.0,0.0,0.0,0.0,476245000.0
R&D Expenses,0.0,0.0,0.0,0.0,0.0,0.0,0.0,0.0,0.0,0.0
SG&A Expense,194283000.0,165717000.0,147815000.0,151329000.0,148288000.0,132496000.0,109403000.0,98669000.0,0.0,84049000.0
Operating Expenses,194283000.0,165717000.0,147815000.0,151329000.0,148288000.0,132496000.0,1222977000.0,1232533000.0,0.0,181265000.0
Operating Income,1194581000.0,1052713000.0,935052000.0,963620000.0,974231000.0,705056000.0,552058000.0,522897000.0,0.0,294980000.0
Interest Expense,0.0,0.0,0.0,0.0,0.0,0.0,0.0,0.0,0.0,73357000.0
Earnings before Tax,1333996000.0,873361000.0,802771000.0,819122000.0,839519000.0,586850000.0,438292000.0,377461000.0,0.0,128407000.0
Income Tax Expense,71000.0,3830000.0,0.0,0.0,0.0,0.0,0.0,1866000.0,0.0,1661000.0
Net Income - Non-Controlling int,0.0,0.0,0.0,0.0,0.0,0.0,0.0,0.0,0.0,99729000.0
Net Income - Discontinued ops,0.0,0.0,0.0,0.0,0.0,0.0,0.0,0.0,0.0,0.0
Net Income,1333925000.0,869531000.0,797880000.0,804312000.0,777483000.0,597791000.0,447813000.0,413566000.0,311580000.0,126746000.0
Preferred Dividends,0.0,0.0,0.0,0.0,0.0,0.0,0.0,0.0,0.0,0.0
Net Income Com,1333925000.0,869531000.0,797880000.0,804312000.0,777483000.0,597791000.0,447813000.0,413566000.0,311580000.0,126746000.0
EPS,5.84,3.81,3.52,3.59,3.69,2.56,1.92,0.0,0.0,1.11
EPS Diluted,5.84,3.81,3.52,3.59,3.69,2.56,1.92,0.0,0.0,1.11
Weighted Average Shs Out,228377000.0,228176000.0,227926000.0,227550000.0,227260000.0,226829000.0,226369000.0,112837000.0,109485000.0,213175644.0
Weighted Average Shs Out (Dil),228377000.0,228176000.0,227926000.0,227550000.0,227260000.0,226829000.0,226369000.0,112837000.0,109485000.0,114230000.0
Dividend per Share,0.0,0.0,0.0,0.0,0.0,0.0,0.0,0.0,0.0,1.42
Gross Margin,0.427283144642,0.437633316465,0.455321686217,0.479090023866,0.478844461769,0.438066173905,0.0,0.0,0.0,0.4696
EBITDA Margin,0.51640555542,0.498210483793,0.504756031758,0.516543878256,0.493102686391,0.446502593268,0.383770655176,0.368323986213,0.0,0.295
EBIT Margin,0.422625207274,0.419798768653,0.423981028471,0.440320171372,0.422894158716,0.371550258589,0.31153213692,0.299026058135,0.0,0.1989
Profit Margin,0.471923067262,0.346749819852,0.361783069815,0.367525370661,0.337489793695,0.315023772058,0.252705586787,0.236503576724,0.200058172124,0.125
Free Cash Flow margin,0.283273419791,0.219331480611,0.131440865871,0.204958022859,0.321590746804,0.204965098129,0.164170909341,0.215969078161,-0.142167919679,0.0529
EBITDA,1459658000.0,1249343000.0,1113194000.0,1130432000.0,1135972000.0,847286000.0,680070000.0,644076000.0,0.0,298980000.0
EBIT,1194581000.0,1052713000.0,935052000.0,963620000.0,974231000.0,705056000.0,552058000.0,522897000.0,0.0,201764000.0
Consolidated Income,1333925000.0,869531000.0,797880000.0,804312000.0,777483000.0,597791000.0,447813000.0,413566000.0,311580000.0,226475000.0
Earnings Before Tax Margin,0.471948186019,0.348277139534,0.364000798038,0.374292708137,0.364418378425,0.309258086241,0.247332786328,0.215856420919,0.0,0.1266
Net Profit Margin,0.471923067262,0.346749819852,0.361783069815,0.367525370661,0.337489793695,0.315023772058,0.252705586787,0.236503576724,0.200058172124,0.125
