Date,2018-12-31,2017-12-31,2016-12-31,2015-12-31,2014-12-31,2013-12-31,2012-12-31,2011-12-31,2010-12-31,2009-12-31
Revenue,18890000000.0,19883000000.0,17782000000.0,14178000000.0,9666601000.0,6588934000.0,6028763000.0,4769940000.0,4085977000.0,3669356000.0
Revenue Growth,-0.0499421616456269,0.118153188617703,0.254196642685851,0.466699618614651,0.467096346692803,0.0929164075615512,0.263907512463469,0.167392767996491,0.11354063219813,0.179
Cost of Revenue,16063000000.0,18844000000.0,15866000000.0,12488000000.0,8619598000.0,5783035000.0,5460663000.0,4209260000.0,3589279000.0,3304817000.0
Gross Profit,2827000000.0,1039000000.0,1916000000.0,1690000000.0,1047003000.0,805899000.0,568100000.0,560680000.0,496698000.0,364539000.0
R&D Expenses,0.0,0.0,0.0,0.0,0.0,0.0,0.0,0.0,0.0,0.0
SG&A Expense,1333000000.0,1594000000.0,1393000000.0,1146000000.0,764693000.0,665996000.0,532627000.0,415932000.0,345993000.0,276027000.0
Operating Expenses,1681000000.0,1594000000.0,1610000000.0,1303000000.0,854086000.0,669339000.0,532627000.0,415932000.0,391697000.0,314137000.0
Operating Income,1131000000.0,-555000000.0,306000000.0,387000000.0,192917000.0,136560000.0,35473000.0,80173000.0,105001000.0,50402000.0
Interest Expense,115000000.0,118000000.0,101000000.0,66000000.0,56811000.0,52071000.0,16769000.0,15519000.0,15509000.0,13777000.0
Earnings before Tax,999000000.0,-612000000.0,205000000.0,322000000.0,135304000.0,0.0,19065000.0,64654000.0,89492000.0,38157000.0
Income Tax Expense,292000000.0,-100000000.0,153000000.0,179000000.0,72726000.0,36316000.0,9275000.0,43836000.0,34522000.0,7289000.0
Net Income - Non-Controlling int,0.0,0.0,0.0,0.0,0.0,0.0,0.0,0.0,0.0,0.0
Net Income - Discontinued ops,0.0,0.0,0.0,0.0,0.0,0.0,0.0,0.0,0.0,0.0
Net Income,707000000.0,-512000000.0,52000000.0,143000000.0,62223000.0,52929000.0,9790000.0,20818000.0,54970000.0,30868000.0
Preferred Dividends,0.0,0.0,0.0,0.0,0.0,0.0,0.0,0.0,0.0,0.0
Net Income Com,707000000.0,-512000000.0,52000000.0,143000000.0,62223000.0,52929000.0,9790000.0,20818000.0,54970000.0,30868000.0
EPS,11.57,-9.07,0.93,2.75,1.33,1.16,0.21,0.45,1.34,0.8
EPS Diluted,10.61,-9.07,0.92,2.58,1.29,1.13,0.21,0.45,1.32,0.79
Weighted Average Shs Out,61000000.0,56000000.0,55000000.0,52000000.0,46935000.0,45717000.0,46380.0,45756000.0,45358500.0,38325000.0
Weighted Average Shs Out (Dil),67000000.0,56000000.0,56000000.0,56000000.0,48340000.0,46862000.0,47000.0,46425000.0,41174000.0,38765000.0
Dividend per Share,0.0,0.0,0.0,0.0,0.0,0.0,0.0,0.0,0.0,0.0
Gross Margin,0.149655902594,0.0522556958206,0.107749409515,0.11919875864,0.108311390943,0.12231098384,0.0942316027351,0.117544455486,0.1216,0.0993
EBITDA Margin,0.0677607199576,-0.0173515063119,0.0291868181307,0.0382987727465,0.03669335271,0.0389953822576,0.0189959366457,0.0326301798345,0.041,0.025
EBIT Margin,0.0598729486501,-0.0279132927627,0.0172084130019,0.0272958104105,0.0199570666049,0.0207256591127,0.00588395994336,0.0168079682344,0.0257,0.0142
Profit Margin,0.0374272101641,-0.0257506412513,0.00292430547745,0.010086048808,0.00643690579553,0.00803301414159,0.00162388204678,0.00436441548531,0.013,0.008
Free Cash Flow margin,-0.0182106934886,0.0361112508173,0.0279496119672,0.072929891381,0.0999986448184,0.0171818385189,0.0474344405312,0.0407688566313,0.0276,0.0326
EBITDA,1280000000.0,-345000000.0,519000000.0,543000000.0,354700000.0,256938000.0,114522000.0,155644000.0,165766000.0,90044000.0
EBIT,1131000000.0,-555000000.0,306000000.0,387000000.0,192917000.0,136560000.0,35473000.0,80173000.0,105001000.0,51934000.0
Consolidated Income,707000000.0,-512000000.0,52000000.0,143000000.0,62223000.0,52929000.0,9790000.0,20818000.0,54970000.0,30868000.0
Earnings Before Tax Margin,0.0528851244044,-0.0307800633707,0.0115285119784,0.0227112427705,0.0139970606007,0.0,0.00316234026781,0.0135544681904,0.0219,0.0104
Net Profit Margin,0.0374272101641,-0.0257506412513,0.00292430547745,0.010086048808,0.00643690579553,0.00803301414159,0.00162388204678,0.00436441548531,0.0135,0.0084
