Date,2019-01-31,2018-01-31,2017-01-31,2016-01-31,2015-01-31,2014-01-31,2013-01-31,2012-01-31,2011-01-31,2010-01-31
Revenue,47293765.0,34567557.0,10736534.0,9721508.0,26080115.0,22045153.0,31562945.0,34158326.0,33341871.0,13241669.0
Revenue Growth,0.368154683306084,2.21961975810816,0.104410344567942,-0.627244435080137,0.183031707695565,-0.301549554390441,-0.0759809189712634,0.0244873780478606,1.51795079608167,-0.6267
Cost of Revenue,1734721.0,0.0,0.0,0.0,0.0,0.0,0.0,0.0,0.0,0.0
Gross Profit,45559044.0,0.0,0.0,0.0,0.0,0.0,0.0,0.0,33341871.0,13241669.0
R&D Expenses,0.0,0.0,0.0,0.0,0.0,0.0,0.0,0.0,0.0,0.0
SG&A Expense,0.0,1071990.0,1123422.0,0.0,0.0,0.0,0.0,920994.0,785757.0,728607.0
Operating Expenses,0.0,1071990.0,1123422.0,1162667.0,1312267.0,988864.0,908208.0,920994.0,878677.0,818007.0
Operating Income,45559044.0,33495567.0,9613112.0,8558841.0,24767848.0,21056289.0,30654737.0,33237332.0,32463194.0,12423662.0
Interest Expense,0.0,0.0,0.0,0.0,0.0,0.0,0.0,0.0,0.0,0.0
Earnings before Tax,0.0,0.0,0.0,0.0,0.0,0.0,0.0,0.0,32463194.0,12423662.0
Income Tax Expense,0.0,0.0,0.0,0.0,0.0,0.0,0.0,0.0,0.0,0.0
Net Income - Non-Controlling int,0.0,0.0,0.0,0.0,0.0,0.0,0.0,0.0,0.0,0.0
Net Income - Discontinued ops,0.0,0.0,0.0,0.0,0.0,0.0,0.0,0.0,0.0,0.0
Net Income,45559044.0,33495567.0,9613112.0,8558841.0,24767848.0,21056289.0,30654737.0,33237332.0,32463194.0,12423662.0
Preferred Dividends,0.0,0.0,0.0,0.0,0.0,0.0,0.0,0.0,0.0,0.0
Net Income Com,45559044.0,33495567.0,9613112.0,8558841.0,24767848.0,21056289.0,30654737.0,33237332.0,32463194.0,12423662.0
EPS,3.472,2.553,0.733,0.652,1.888,1.605,2.336,2.533,2.474,0.947
EPS Diluted,3.472,2.553,0.733,0.652,1.888,1.605,2.336,2.533,2.474,0.947
Weighted Average Shs Out,13120010.0,13120010.0,13120010.0,13120010.0,13120010.0,13120010.0,0.0,0.0,13120010.0,13120010.0
Weighted Average Shs Out (Dil),13120010.0,13120010.0,13120010.0,13120010.0,13120010.0,13120010.0,0.0,0.0,13120010.0,13120010.0
Dividend per Share,2.79000000762,1.49000000762,0.55000003811,0.0,0.0,0.0,0.0,0.0,2.485,1.15
Gross Margin,0.96332030237,0.0,0.0,0.0,0.0,0.0,0.0,0.0,1.0,1.0
EBITDA Margin,0.96332030237,0.968988551896,0.895364556197,0.88040260832,0.949683235676,0.955143699842,0.971225498761,0.973037496041,0.974,0.938
EBIT Margin,0.96332030237,0.968988551896,0.895364556197,0.88040260832,0.949683235676,0.955143699842,0.971225498761,0.973037496041,0.9736,0.9382
Profit Margin,0.96332030237,0.968988551896,0.895364556197,0.88040260832,0.949683235676,0.955143699842,0.971225498761,0.973037496041,0.974,0.938
Free Cash Flow margin,0.962001312435,0.853687027984,1.17201230863,0.845672605526,0.930636310461,0.964796025684,0.972357522405,0.969460095908,0.9105,1.285
EBITDA,45559044.0,33495567.0,9613112.0,8558841.0,24767848.0,21056289.0,30654737.0,33237332.0,32463194.0,12423662.0
EBIT,45559044.0,33495567.0,9613112.0,8558841.0,24767848.0,21056289.0,30654737.0,33237332.0,32463194.0,12423662.0
Consolidated Income,45559044.0,33495567.0,9613112.0,8558841.0,24767848.0,21056289.0,30654737.0,33237332.0,32463194.0,12423662.0
Earnings Before Tax Margin,0.0,0.0,0.0,0.0,0.0,0.0,0.0,0.0,0.9736,0.9382
Net Profit Margin,0.96332030237,0.968988551896,0.895364556197,0.88040260832,0.949683235676,0.955143699842,0.971225498761,0.973037496041,0.9736,0.9382
