Date,2018-12-31,2017-12-31,2016-12-31,2015-12-31,2014-12-31,2013-12-31,2012-12-31,2011-12-31,2010-12-31,2009-12-31
Revenue,7343000000.0,6380000000.0,6038000000.0,5695000000.0,5881000000.0,8696000000.0,8698000000.0,8203000000.0,19282000000.0,6947000000.0
Revenue Growth,0.150940438871473,0.0566412719443524,0.0602282704126427,-0.0316272742730828,-0.323712051517939,-0.000229937916762474,0.060343776667073,-0.574577326003527,1.77558658413704,-0.7233
Cost of Revenue,3863000000.0,3356000000.0,3169000000.0,2976000000.0,3050000000.0,4455000000.0,4350000000.0,4057000000.0,12384000000.0,3470000000.0
Gross Profit,3480000000.0,3024000000.0,2869000000.0,2719000000.0,2831000000.0,4241000000.0,4348000000.0,4146000000.0,6898000000.0,3477000000.0
R&D Expenses,637000000.0,568000000.0,553000000.0,620000000.0,681000000.0,1055000000.0,1075000000.0,1035000000.0,2530000000.0,993000000.0
SG&A Expense,1254000000.0,979000000.0,1000000000.0,1021000000.0,1184000000.0,1838000000.0,1963000000.0,1912000000.0,3367000000.0,1662000000.0
Operating Expenses,1891000000.0,1547000000.0,1553000000.0,1641000000.0,1865000000.0,2893000000.0,3038000000.0,2947000000.0,5897000000.0,2910000000.0
Operating Income,1255000000.0,1282000000.0,1067000000.0,994000000.0,-1006000000.0,1215000000.0,1256000000.0,858000000.0,789000000.0,567000000.0
Interest Expense,240000000.0,215000000.0,225000000.0,186000000.0,147000000.0,132000000.0,108000000.0,132000000.0,220000000.0,133000000.0
Earnings before Tax,1102000000.0,1076000000.0,844000000.0,917000000.0,-1161000000.0,1145000000.0,1215000000.0,738000000.0,677000000.0,137000000.0
Income Tax Expense,133000000.0,1227000000.0,282000000.0,274000000.0,-465000000.0,40000000.0,337000000.0,-3000000.0,406000000.0,188000000.0
Net Income - Non-Controlling int,0.0,0.0,0.0,0.0,0.0,0.0,0.0,0.0,0.0,23000000.0
Net Income - Discontinued ops,0.0,0.0,0.0,0.0,0.0,0.0,0.0,0.0,0.0,0.0
Net Income,966000000.0,-155000000.0,560000000.0,610000000.0,1299000000.0,1099000000.0,881000000.0,1158000000.0,633000000.0,-51000000.0
Preferred Dividends,0.0,0.0,0.0,0.0,0.0,0.0,0.0,0.0,0.0,0.0
Net Income Com,966000000.0,-155000000.0,560000000.0,610000000.0,1299000000.0,1099000000.0,881000000.0,1158000000.0,633000000.0,-51000000.0
EPS,5.95,-0.95,3.3,3.06,5.29,4.13,3.01,3.47,1.9,-0.16
EPS Diluted,5.62,-0.95,3.24,3.02,5.29,4.06,2.96,3.41,1.87,-0.15
Weighted Average Shs Out,162400000.0,162900000.0,169600000.0,199600000.0,245600000.0,266000000.0,292100000.0,333800000.0,333300000.0,330134788.0
Weighted Average Shs Out (Dil),172000000.0,162900000.0,173100000.0,201800000.0,245600000.0,270500000.0,297400000.0,339700000.0,338100000.0,327900000.0
Dividend per Share,1.95930232558,1.88459177409,1.61756210283,1.37264618434,1.29478827362,1.07948243993,0.907868190989,0.211951722108,0.0680272108844,0.0
Gross Margin,0.473920740842,0.473981191223,0.475157336867,0.477436347673,0.481380717565,0.48769549218,0.499885031042,0.505424844569,0.357742972721,0.5005
EBITDA Margin,0.219937355304,0.254702194357,0.225571381252,0.200877963126,-0.141642577793,0.165938362466,0.16831455507,0.149213702304,0.0705839643191,0.095
EBIT Margin,0.170911071769,0.200940438871,0.176714143756,0.174539069359,-0.171059343649,0.139719411224,0.144401011727,0.104595879556,0.0409189918058,0.0389
Profit Margin,0.13155386082,-0.0242946708464,0.092745942365,0.107111501317,0.220880802585,0.126379944802,0.101287652334,0.141167865415,0.0328285447568,-0.007
Free Cash Flow margin,0.119569658178,0.17539184953,0.148062272276,0.145741878841,-0.14725386839,0.0865915363385,0.101287652334,0.0807021821285,0.0621823462296,0.0708
EBITDA,1615000000.0,1625000000.0,1362000000.0,1144000000.0,-833000000.0,1443000000.0,1464000000.0,1224000000.0,1361000000.0,658000000.0
EBIT,1255000000.0,1282000000.0,1067000000.0,994000000.0,-1006000000.0,1215000000.0,1256000000.0,858000000.0,789000000.0,270000000.0
Consolidated Income,966000000.0,-155000000.0,560000000.0,610000000.0,1299000000.0,1099000000.0,881000000.0,1158000000.0,633000000.0,-28000000.0
Earnings Before Tax Margin,0.150074901267,0.168652037618,0.139781384564,0.161018437226,-0.197415405543,0.131669733211,0.139687284433,0.0899670852127,0.0351104657193,0.0197
Net Profit Margin,0.13155386082,-0.0242946708464,0.092745942365,0.107111501317,0.220880802585,0.126379944802,0.101287652334,0.141167865415,0.0328285447568,-0.0073
