Date,2018-12-31,2017-12-31,2016-12-31,2015-12-31,2014-12-31,2013-12-31,2012-12-31,2011-12-31,2010-12-31,2009-12-31
Revenue,497638000.0,504543000.0,512161000.0,529869000.0,579830000.0,575888000.0,594606000.0,562150000.0,454577000.0,377788000.0
Revenue Growth,-0.013685652164434,-0.0148742290022083,-0.0334195810662635,-0.0861649104047738,0.00684508098796988,-0.0314796688899877,0.0577354798541315,0.236644176894124,0.203259500037058,0.0483
Cost of Revenue,99499000.0,96649000.0,93147000.0,101108000.0,135210000.0,138569000.0,152792000.0,142020000.0,106091000.0,66603000.0
Gross Profit,398139000.0,407894000.0,419014000.0,428761000.0,444620000.0,437319000.0,441814000.0,420130000.0,348486000.0,311185000.0
R&D Expenses,102499000.0,78766000.0,73142000.0,65206000.0,103355000.0,98056000.0,94565000.0,72618000.0,50566000.0,41796000.0
SG&A Expense,291659000.0,254773000.0,238202000.0,229254000.0,321429000.0,319823000.0,317096000.0,332470000.0,247331000.0,183085000.0
Operating Expenses,394158000.0,333539000.0,311389000.0,294739000.0,439516000.0,417879000.0,411661000.0,405088000.0,297897000.0,224881000.0
Operating Income,3981000.0,74355000.0,107625000.0,134022000.0,5104000.0,19440000.0,30153000.0,15042000.0,50589000.0,86304000.0
Interest Expense,0.0,0.0,0.0,0.0,0.0,0.0,0.0,0.0,0.0,0.0
Earnings before Tax,20482000.0,72607000.0,113046000.0,137864000.0,11051000.0,16751000.0,29231000.0,19300000.0,54960000.0,100130000.0
Income Tax Expense,-2019000.0,54964000.0,22138000.0,31933000.0,6016000.0,-9799000.0,8685000.0,1360000.0,11168000.0,25293000.0
Net Income - Non-Controlling int,0.0,0.0,0.0,0.0,0.0,0.0,0.0,0.0,0.0,0.0
Net Income - Discontinued ops,0.0,0.0,0.0,0.0,0.0,0.0,0.0,0.0,0.0,-14330000.0
Net Income,22501000.0,17643000.0,90908000.0,105931000.0,5035000.0,83332000.0,20546000.0,17940000.0,43792000.0,74837000.0
Preferred Dividends,0.0,0.0,0.0,0.0,0.0,0.0,0.0,0.0,0.0,0.0
Net Income Com,22501000.0,17643000.0,90908000.0,105931000.0,5035000.0,83332000.0,20546000.0,17940000.0,43792000.0,74837000.0
EPS,1.98,1.54,7.96,9.33,0.45,7.37,1.87,1.67,3.85,6.28
EPS Diluted,1.97,1.53,7.89,9.18,0.44,7.37,1.84,1.62,3.72,6.09
Weighted Average Shs Out,11375000.0,11444000.0,11425000.0,11355000.0,11301000.0,11300000.0,10995000.0,10719000.0,10913002.0,11914975.0
Weighted Average Shs Out (Dil),11412000.0,11547000.0,11516000.0,11539000.0,11356000.0,11301000.0,11174000.0,11066000.0,11378000.0,11906000.0
Dividend per Share,0.0,0.0,0.0,0.0,0.0,0.0,0.0,0.0,0.0,0.0
Gross Margin,0.800057471495,0.808442491522,0.818129455386,0.809183024483,0.766810961834,0.759382032617,0.74303656539,0.747362803522,0.7666,0.8237
EBITDA Margin,0.0154369240291,0.172288585908,0.243712426366,0.292970526677,0.0524274356277,0.0795970744311,0.0919465999334,0.0597135995731,0.149,0.293
EBIT Margin,0.00799979101274,0.14737098721,0.21013899926,0.252934215816,0.00880258006657,0.0337565637763,0.0507108909093,0.0267579827448,0.1209,0.265
Profit Margin,0.0452155984873,0.0349682782241,0.177498872425,0.199919225318,0.0086835796699,0.144701747562,0.0345539735556,0.0319131904296,0.096,0.198
Free Cash Flow margin,0.00759789244391,0.147341257336,0.211363223674,0.275945563904,0.00379421554594,0.0328032534104,0.0315637581861,0.0358516410211,0.1262,0.1958
EBITDA,7682000.0,86927000.0,124820000.0,155236000.0,30399000.0,45839000.0,54672000.0,33568000.0,67759000.0,110761000.0
EBIT,3981000.0,74355000.0,107625000.0,134022000.0,5104000.0,19440000.0,30153000.0,15042000.0,54960000.0,100130000.0
Consolidated Income,22501000.0,17643000.0,90908000.0,105931000.0,5035000.0,83332000.0,20546000.0,17940000.0,43792000.0,74837000.0
Earnings Before Tax Margin,0.0411584324348,0.143906465851,0.220723561536,0.26018506461,0.0190590345446,0.029087253077,0.0491602842891,0.0343324735391,0.1209,0.265
Net Profit Margin,0.0452155984873,0.0349682782241,0.177498872425,0.199919225318,0.0086835796699,0.144701747562,0.0345539735556,0.0319131904296,0.0963,0.1981
