Date,2018-12-31,2017-12-31,2016-12-31,2015-12-31,2014-12-31,2013-12-31,2012-12-31,2011-12-31,2010-12-31,2009-12-31
Revenue,429337000.0,5632187000.0,5295883000.0,4667624000.0,4455719000.0,4538434000.0,-71452000.0,0.0,0.0,2499854000.0
Revenue Growth,-0.923770819399285,0.0635029134895918,0.134599316483076,0.0475579811024887,-0.018225449571372,-64.517242344511,0.0,0.0,-1,0.0134
Cost of Revenue,0.0,0.0,0.0,0.0,0.0,0.0,0.0,0.0,0.0,0.0
Gross Profit,0.0,0.0,0.0,0.0,0.0,0.0,0.0,0.0,0.0,2499854000.0
R&D Expenses,0.0,0.0,0.0,0.0,0.0,0.0,0.0,0.0,0.0,0.0
SG&A Expense,1752264000.0,1650729000.0,1623600000.0,1549530000.0,1404950000.0,1355178000.0,1314540000.0,0.0,0.0,1819789000.0
Operating Expenses,1776786000.0,1682095000.0,1666213000.0,1575954000.0,1438774000.0,1402090000.0,1375171000.0,0.0,0.0,1819789000.0
Operating Income,2508240000.0,2323862000.0,2058398000.0,1674692000.0,1588862000.0,1138480000.0,1029498000.0,0.0,0.0,680065000.0
Interest Expense,526409000.0,386751000.0,425984000.0,328257000.0,280431000.0,284105000.0,343169000.0,0.0,0.0,0.0
Earnings before Tax,2508240000.0,2323862000.0,2058398000.0,1674692000.0,1588862000.0,1717549000.0,1552526000.0,0.0,0.0,471406000.0
Income Tax Expense,590160000.0,915556000.0,743284000.0,595025000.0,522616000.0,579069000.0,523028000.0,0.0,0.0,139400000.0
Net Income - Non-Controlling int,0.0,0.0,0.0,0.0,0.0,0.0,0.0,0.0,0.0,47885000.0
Net Income - Discontinued ops,0.0,0.0,0.0,0.0,0.0,0.0,0.0,0.0,0.0,0.0
Net Income,1918080000.0,1408306000.0,1315114000.0,1079667000.0,1066246000.0,1138480000.0,1029498000.0,0.0,0.0,332006000.0
Preferred Dividends,72521000.0,72734000.0,81270000.0,81270000.0,75878000.0,54120000.0,53450000.0,0.0,0.0,0.0
Net Income Com,1918080000.0,1408306000.0,1315114000.0,1079667000.0,1066246000.0,1138480000.0,1029498000.0,0.0,0.0,332006000.0
EPS,12.75,8.72,7.8,7.22,7.47,8.26,7.57,0.0,0.0,2.9
EPS Diluted,12.74,8.7,7.78,7.18,7.42,8.2,7.54,0.0,0.0,2.89
Weighted Average Shs Out,143992000.0,152159000.0,156780000.0,136803000.0,130950000.0,128654000.0,125864000.0,0.0,0.0,118091387.0
Weighted Average Shs Out (Dil),144151000.0,152551000.0,157304000.0,137533000.0,131844000.0,129603000.0,126405000.0,0.0,0.0,118091387.0
Dividend per Share,3.54060672489,2.99835464861,2.80915297767,2.72674194557,2.8154409757,2.81898567163,2.82992761362,0.0,0.0,2.8
Gross Margin,0.0,0.0,0.0,0.0,0.0,0.0,-0.0,0.0,0.0,1.0
EBITDA Margin,6.25905757016,0.44760356856,0.426555684859,0.396356047531,0.401190470045,0.295744082651,-17.2711610592,0.0,0.0,0.265
EBIT Margin,5.84212401913,0.412603842877,0.388678903971,0.358788968434,0.356589363019,0.250853047549,-14.4082460953,0.0,0.0,0.1886
Profit Margin,4.4675394853,0.250046030077,0.248327615999,0.23130976274,0.239298304045,0.250853047549,-14.4082460953,0.0,0.0,0.133
Free Cash Flow margin,4.63936721037,0.479908603887,0.203065475578,0.355728739076,0.230275068962,0.176784326929,-6.99743884006,0.0,0.0,0.4522
EBITDA,2687245000.0,2520987000.0,2258989000.0,1850041000.0,1787592000.0,1342215000.0,1234059000.0,0.0,0.0,662327000.0
EBIT,2508240000.0,2323862000.0,2058398000.0,1674692000.0,1588862000.0,1138480000.0,1029498000.0,0.0,0.0,471406000.0
Consolidated Income,1918080000.0,1408306000.0,1315114000.0,1079667000.0,1066246000.0,1138480000.0,1029498000.0,0.0,0.0,379891000.0
Earnings Before Tax Margin,5.84212401913,0.412603842877,0.388678903971,0.358788968434,0.356589363019,0.378445296329,-21.7282371382,0.0,0.0,0.1886
Net Profit Margin,4.4675394853,0.250046030077,0.248327615999,0.23130976274,0.239298304045,0.250853047549,-14.4082460953,0.0,0.0,0.1328
