Date,2018-12-31,2017-12-31,2016-12-31,2015-12-31,2014-12-31,2013-12-31,2012-12-31,2011-12-31,2010-12-31,2009-12-31
Revenue,899599000.0,544276000.0,264422000.0,316169000.0,431036000.0,260889000.0,165156000.0,79244000.0,42480000.0,24288996.0
Revenue Growth,0.652836061116051,1.0583612558713,-0.163668797383678,-0.266490501953433,0.652181579139021,0.579651965414517,1.08414517187421,0.865442561205273,0.748940137336265,-0.262
Cost of Revenue,372524000.0,245265000.0,329120000.0,1015548000.0,167909000.0,140597000.0,155601000.0,13522000.0,7266000.0,5802167.0
Gross Profit,527075000.0,299011000.0,-64698000.0,-699379000.0,263127000.0,120292000.0,9555000.0,65722000.0,35214000.0,18486829.0
R&D Expenses,0.0,0.0,0.0,0.0,0.0,0.0,0.0,0.0,0.0,0.0
SG&A Expense,69308000.0,66016000.0,55089000.0,50105000.0,32152000.0,20779000.0,14543000.0,13394000.0,9702000.0,7115118.0
Operating Expenses,163804000.0,138170000.0,112469000.0,109032000.0,84009000.0,59847000.0,42983000.0,81030000.0,25453000.0,43239076.0
Operating Income,363271000.0,160841000.0,-177167000.0,-808411000.0,179118000.0,60445000.0,-33428000.0,-15308000.0,9761000.0,-24752247.0
Interest Expense,41327000.0,34565000.0,28199000.0,21754000.0,5334000.0,5687000.0,1002000.0,683000.0,3000.0,0.0
Earnings before Tax,292073000.0,129850000.0,-98093000.0,-826892000.0,175129000.0,54791000.0,-34691000.0,-15830000.0,9898000.0,-24350491.0
Income Tax Expense,-7691000.0,-8157000.0,-1036000.0,-147368000.0,64375000.0,9697000.0,-1430000.0,-5521000.0,3521000.0,-9925149.0
Net Income - Non-Controlling int,0.0,0.0,0.0,0.0,0.0,0.0,0.0,0.0,0.0,0.0
Net Income - Discontinued ops,0.0,0.0,0.0,0.0,0.0,0.0,0.0,0.0,0.0,0.0
Net Income,274207000.0,138007000.0,-97057000.0,-679524000.0,110771000.0,45094000.0,-33261000.0,-10309000.0,6377000.0,-14425342.0
Preferred Dividends,0.0,0.0,0.0,0.0,0.0,0.0,0.0,0.0,0.0,0.0
Net Income Com,274207000.0,138007000.0,-97057000.0,-679524000.0,110771000.0,45094000.0,-33261000.0,-10309000.0,6377000.0,-14425342.0
EPS,2.41,1.23,-1.07,-8.34,1.58,0.0,-0.62,-0.25,0.15,-0.37
EPS Diluted,2.41,1.23,-1.07,-8.34,1.56,0.0,-0.62,-0.25,0.15,-0.37
Weighted Average Shs Out,113580000.0,102029000.0,91273000.0,81537000.0,70229000.0,58777000.0,53957000.0,,,
Weighted Average Shs Out (Dil),113691000.0,102543000.0,91273000.0,81537000.0,70906000.0,58929000.0,53957000.0,41687000.0,40007000.0,39092567.0
Dividend per Share,0.0,0.0,0.0,0.0,0.0,0.0,0.0017791945438,0.0,0.0,0.0
Gross Margin,0.585899939862,0.549373847092,-0.24467706923,-2.21204166126,0.610452491207,0.461084982502,0.057854392211,0.8294,0.829,0.7611
EBITDA Margin,0.700056358444,0.622498511784,-0.204109340373,-1.98853144995,0.728141036944,0.608841307989,0.284736854852,0.21,0.6,-0.56
EBIT Margin,0.403814366179,0.29551367321,-0.670016110611,-2.55689520478,0.415552297256,0.231688572535,-0.202402576958,-0.1911,0.2331,-1.0025
Profit Margin,0.304810254347,0.253560693472,-0.367053422181,-2.14924296816,0.256987815403,0.172847456198,-0.201391411756,-0.13,0.15,-0.594
Free Cash Flow margin,-0.996150507059,-1.0543051687,-1.21122296934,0.659568142354,0.583433866313,0.687917083511,0.752185812202,-1.2523,-3.14,-2.171
EBITDA,629770000.0,338811000.0,-53971000.0,-628712000.0,313855000.0,158840000.0,47026000.0,16607000.0,25497000.0,-13607618.0
EBIT,363271000.0,160841000.0,-177167000.0,-808411000.0,179118000.0,60445000.0,-33428000.0,-15147000.0,9901000.0,-24350491.0
Consolidated Income,274207000.0,138007000.0,-97057000.0,-679524000.0,110771000.0,45094000.0,-33261000.0,-10309000.0,6377000.0,-14425342.0
Earnings Before Tax Margin,0.324670214173,0.238573811816,-0.370971401774,-2.61534812078,0.406297849832,0.210016520436,-0.210049892223,-0.1998,0.233,-1.0025
Net Profit Margin,0.304810254347,0.253560693472,-0.367053422181,-2.14924296816,0.256987815403,0.172847456198,-0.201391411756,-0.1301,0.1501,-0.5939
