Date,2018-12-31,2017-12-31,2016-12-31,2015-12-31,2014-12-31,2013-12-31,2012-12-31,2011-12-31,2010-12-31,2009-12-31
Revenue,1207815000.0,1139447000.0,969236000.0,1025272000.0,1126890000.0,1166882000.0,1273078000.0,0.0,1302314000.0,715186000.0
Revenue Growth,0.0600010355900713,0.175613576053717,-0.0546547647843694,-0.0901756160761033,-0.0342725314127735,-0.0834167270190829,0.0,-1,0.820944481575422,-0.2138
Cost of Revenue,956710000.0,927953000.0,785773000.0,834492000.0,920987000.0,978904000.0,1074295000.0,0.0,1079666000.0,623764000.0
Gross Profit,251105000.0,211494000.0,183463000.0,190780000.0,205903000.0,187978000.0,198783000.0,0.0,222648000.0,91422000.0
R&D Expenses,15187000.0,13981000.0,12802000.0,12796000.0,12850000.0,13432000.0,12505000.0,0.0,7113000.0,6771000.0
SG&A Expense,153489000.0,146170000.0,129683000.0,129941000.0,137118000.0,133253000.0,133893000.0,0.0,126477000.0,89762000.0
Operating Expenses,168676000.0,160151000.0,142485000.0,142737000.0,149968000.0,146685000.0,146398000.0,0.0,134188000.0,101425000.0
Operating Income,61496000.0,38579000.0,27104000.0,45268000.0,56957000.0,26831000.0,36776000.0,0.0,88460000.0,-10003000.0
Interest Expense,0.0,0.0,0.0,0.0,0.0,0.0,0.0,0.0,2665000.0,1299000.0
Earnings before Tax,16342000.0,36396000.0,25315000.0,42818000.0,54170000.0,23795000.0,33642000.0,0.0,70968000.0,-20784000.0
Income Tax Expense,-4504000.0,24945000.0,-425000.0,10660000.0,12449000.0,4088000.0,8978000.0,0.0,24541000.0,-8429000.0
Net Income - Non-Controlling int,0.0,0.0,0.0,0.0,0.0,0.0,0.0,0.0,0.0,0.0
Net Income - Discontinued ops,0.0,0.0,0.0,0.0,0.0,0.0,0.0,0.0,0.0,0.0
Net Income,20846000.0,11451000.0,25740000.0,32158000.0,41721000.0,19707000.0,24664000.0,0.0,46427000.0,-12355000.0
Preferred Dividends,0.0,0.0,0.0,0.0,0.0,0.0,0.0,0.0,0.0,0.0
Net Income Com,20846000.0,11451000.0,25740000.0,32158000.0,41721000.0,19707000.0,24664000.0,0.0,46427000.0,-12355000.0
EPS,1.03,0.57,1.29,1.6,2.04,0.96,1.21,0.0,2.29,-0.61
EPS Diluted,1.01,0.56,1.27,1.58,2.0,0.94,1.19,0.0,2.25,-0.61
Weighted Average Shs Out,20212000.0,20027000.0,19983000.0,20097000.0,20461000.0,20571000.0,20418000.0,0.0,20207452.0,20229641.0
Weighted Average Shs Out (Dil),20613000.0,20415000.0,20213000.0,20402000.0,20810000.0,20895000.0,20679000.0,0.0,20282000.0,20191000.0
Dividend per Share,0.406976180081,0.387607151604,0.370850442784,0.349573571219,0.329889476213,0.310935630534,0.223173267566,0.0,0.0,0.0
Gross Margin,0.207900216507,0.185611090292,0.189286200678,0.186077450667,0.182717922779,0.161094266601,0.156143614138,0.0,0.171,0.1278
EBITDA Margin,0.0857581666066,0.0721832608274,0.0757514165797,0.0816749116332,0.0891595452972,0.0592682036401,0.0584968085223,0.0,0.084,0.017
EBIT Margin,0.0509150821939,0.0338576520014,0.027964293526,0.0441521859565,0.0505435313118,0.0229937560096,0.0288874680106,0.0,0.0565,-0.0272
Profit Margin,0.0172592656988,0.0100496117854,0.0265569995337,0.0313653352476,0.0370231344674,0.0168885971332,0.0193735183547,0.0,0.036,-0.017
Free Cash Flow margin,0.0402975621267,0.035349603799,0.0412665233235,0.0592262345992,0.0274818305247,0.0411986816148,0.0035598761427,0.0,-0.0173,-0.0047
EBITDA,103580000.0,82249000.0,73421000.0,83739000.0,100473000.0,69159000.0,74471000.0,0.0,109027000.0,12454000.0
EBIT,61496000.0,38579000.0,27104000.0,45268000.0,56957000.0,26831000.0,36776000.0,0.0,73633000.0,-19485000.0
Consolidated Income,20846000.0,11451000.0,25740000.0,32158000.0,41721000.0,19707000.0,24664000.0,0.0,46427000.0,-12355000.0
Earnings Before Tax Margin,0.01353021779,0.0319418103694,0.0261185098366,0.0417625761749,0.0480703529182,0.0203919505143,0.0264257178272,0.0,0.0545,-0.0291
Net Profit Margin,0.0172592656988,0.0100496117854,0.0265569995337,0.0313653352476,0.0370231344674,0.0168885971332,0.0193735183547,0.0,0.0356,-0.0173
