Date,2018-12-31,2017-12-31,2016-12-31,2015-12-31,2014-12-31,2013-12-31,2012-12-31,2011-12-31,2010-12-31,2009-12-31
Revenue,384997000.0,420318000.0,387832000.0,300360000.0,133112000.0,119646000.0,97728000.0,71937000.0,68701000.0,51350000.0
Revenue Growth,-0.0840339933098273,0.0837630726706409,0.291223864695698,1.25644569986177,0.112548685288267,0.224275540275049,0.358522040118437,0.0471026622611025,0.337896786757546,0.639
Cost of Revenue,176223000.0,212355000.0,157842000.0,144937000.0,51154000.0,46683000.0,37019000.0,26616000.0,21560000.0,17047000.0
Gross Profit,208774000.0,207963000.0,229990000.0,155423000.0,81958000.0,72963000.0,60709000.0,45321000.0,47141000.0,34303000.0
R&D Expenses,120046000.0,112279000.0,97745000.0,85405000.0,56625000.0,53132000.0,46392000.0,40156000.0,27725000.0,19790000.0
SG&A Expense,101789000.0,105831000.0,64454000.0,77981000.0,34191000.0,32181000.0,27225000.0,20178000.0,15912000.0,9921000.0
Operating Expenses,227871000.0,229634000.0,166931000.0,199072000.0,90816000.0,85313000.0,73617000.0,60334000.0,43637000.0,29711000.0
Operating Income,-19097000.0,-21671000.0,63059000.0,-43649000.0,-8858000.0,-12350000.0,-12908000.0,-15013000.0,3504000.0,4592000.0
Interest Expense,14255000.0,10378000.0,0.0,0.0,15000.0,4000.0,53000.0,69000.0,29000.0,52000.0
Earnings before Tax,-32852000.0,-33998000.0,63690000.0,-42906000.0,-8745000.0,-12331000.0,-12911000.0,-15031000.0,3743000.0,4559000.0
Income Tax Expense,-6653000.0,-24811000.0,2398000.0,-575000.0,-1704000.0,402000.0,341000.0,6993000.0,-6371000.0,230000.0
Net Income - Non-Controlling int,0.0,0.0,0.0,0.0,0.0,0.0,0.0,0.0,0.0,0.0
Net Income - Discontinued ops,0.0,0.0,0.0,0.0,0.0,0.0,0.0,0.0,0.0,0.0
Net Income,-26199000.0,-9187000.0,61292000.0,-42331000.0,-7041000.0,-12733000.0,-13252000.0,-22024000.0,10114000.0,4329000.0
Preferred Dividends,0.0,0.0,0.0,0.0,0.0,0.0,0.0,0.0,1215000.0,3691000.0
Net Income Com,-26199000.0,-9187000.0,61292000.0,-42331000.0,-7041000.0,-12733000.0,-13252000.0,-22024000.0,8899000.0,638000.0
EPS,-0.38,-0.14,0.96,-0.79,-0.19,-0.37,-0.4,-0.68,0.33,0.06
EPS Diluted,-0.38,-0.14,0.91,-0.79,-0.19,-0.37,-0.4,-0.68,0.3,0.06
Weighted Average Shs Out,68490000.0,66252000.0,63781000.0,53378000.0,36472000.0,34012000.0,33198000.0,32573000.0,31350208.0,29429730.0
Weighted Average Shs Out (Dil),68490000.0,66252000.0,67653000.0,53378000.0,36472000.0,34012000.0,33198000.0,32573000.0,26743000.0,10129000.0
Dividend per Share,0.0,0.0,0.0,0.0,0.0,0.0,0.0,0.0,0.0,0.0
Gross Margin,0.542274355385,0.494775384352,0.593014501124,0.517455719803,0.615707073742,0.609823980743,0.621203749181,0.630009591726,0.6862,0.668
EBITDA Margin,0.158645392042,0.169983203194,0.245554776295,0.0355639898788,-0.0336183063886,-0.0803119201645,-0.106775949574,-0.181172414752,0.082,0.106
EBIT Margin,-0.0496029839194,-0.0515585818357,0.162593597228,-0.145322279931,-0.0665454654727,-0.103221169116,-0.132080877538,-0.208696498325,0.0549,0.0898
Profit Margin,-0.0680498809082,-0.0218572604552,0.158037500774,-0.140934212279,-0.0528953062083,-0.106422279057,-0.135600851343,-0.306156776068,0.13,0.012
Free Cash Flow margin,0.246401920015,0.160821092601,0.280546731574,0.17327540285,0.0257978243885,0.0813065209033,0.0254686476752,-0.139997497811,0.0088,0.1646
EBITDA,61078000.0,71447000.0,95234000.0,10682000.0,-4475000.0,-9609000.0,-10435000.0,-13033000.0,5645000.0,5452000.0
EBIT,-19097000.0,-21671000.0,63059000.0,-43649000.0,-8858000.0,-12350000.0,-12908000.0,-15013000.0,3772000.0,4611000.0
Consolidated Income,-26199000.0,-9187000.0,61292000.0,-42331000.0,-7041000.0,-12733000.0,-13252000.0,-22024000.0,10114000.0,4329000.0
Earnings Before Tax Margin,-0.0853305350431,-0.0808863765054,0.164220590359,-0.142848581702,-0.0656965562834,-0.103062367317,-0.132111574984,-0.208946717266,0.0545,0.0888
Net Profit Margin,-0.0680498809082,-0.0218572604552,0.158037500774,-0.140934212279,-0.0528953062083,-0.106422279057,-0.135600851343,-0.306156776068,0.1472,0.0843
