Date,2018-12-31,2017-12-31,2016-12-31,2015-12-31,2014-12-31,2013-12-31,2012-12-31,2011-12-31,2010-12-31,2009-12-31
Revenue,0.0,0.0,0.0,0.0,0.0,0.0,0.0,0.0,0.0,0.0
Revenue Growth,0.0,0.0,0.0,0.0,0.0,0.0,0.0,0.0,0.0,0.0
Cost of Revenue,0.0,0.0,0.0,0.0,0.0,0.0,0.0,0.0,0.0,0.0
Gross Profit,0.0,0.0,0.0,0.0,0.0,0.0,0.0,0.0,0.0,0.0
R&D Expenses,37340000.0,17748625.2946,5904017.8571,6303687.6356,11081755.5938,1871240.6015,4487927.5654,801369.863,1805416.2487,306297.7099
SG&A Expense,8200740.7407,28076983.5035,12031994.0476,18274041.9378,14960413.0809,5869360.9023,6820925.5533,6035225.0489,4469408.2247,2945610.687
Operating Expenses,49031851.8519,50427336.9992,20181547.619,25075921.9089,29378657.4871,8343045.1128,16565392.3541,20735812.1331,14673019.0572,12361641.2214
Operating Income,-49031851.8519,-50427336.9992,-20181547.619,-25075921.9089,-29378657.4871,-8343045.1128,-16565392.3541,-20735812.1331,-14673019.0572,-12361641.2214
Interest Expense,0.0,0.0,0.0,104121.4751,0.0,0.0,0.0,0.0,0.0,0.0
Earnings before Tax,-11820000.0,-50954438.3346,-20075892.8571,-25555314.5336,-28946643.7177,-2198308.2707,-15756539.2354,-19755381.6047,-14127382.1464,-12180343.5115
Income Tax Expense,0.0,0.0,0.0,-1094721.6197,-1969879.5181,172932.3308,0.0,-49902.1526,30090.2708,-23854.9618
Net Income - Non-Controlling int,0.0,0.0,0.0,0.0,0.0,0.0,0.0,0.0,0.0,0.0
Net Income - Discontinued ops,0.0,0.0,0.0,0.0,0.0,0.0,0.0,0.0,0.0,0.0
Net Income,-11820000.0,-50954438.3346,-20075892.8571,-24460592.914,-26976764.1997,-2371240.6015,-15756539.2354,-19705479.4521,-14157472.4173,-12156488.5496
Preferred Dividends,0.0,0.0,0.0,0.0,0.0,0.0,0.0,0.0,0.0,0.0
Net Income Com,-11820000.0,-50954438.3346,-20075892.8571,-24460592.914,-26976764.1997,-2371240.6015,-15756539.2354,-19705479.4521,-14157472.4173,-12156488.5496
EPS,-0.037,-0.1728,-0.0818,-0.1663,-0.284,-0.0282,-0.161,-0.2055,-0.1505,-0.1336
EPS Diluted,-0.037,-0.1728,-0.0818,-0.1663,-0.284,-0.0282,-0.161,-0.2055,-0.1505,-0.1336
Weighted Average Shs Out,228324337.7778,212780487.824,165133464.2857,68698383.2249,81764082.6162,89285492.4812,95552076.4588,92149771.0372,93454339.0171,88386333.0153
Weighted Average Shs Out (Dil),228324337.7778,212780487.824,165133464.2857,68698383.2249,81764082.6162,89285492.4812,95552076.4588,92149771.0372,93454339.0171,88386333.0153
Dividend per Share,0.0,0.0,0.0,0.0,0.0,0.0,0.0,0.0,0.0,0.0
Gross Margin,0.0,0.0,0.0,0.0,0.0,0.0,0.0,0.0,0.0,0.0
EBITDA Margin,,,,,,,,,,
EBIT Margin,0.0,0.0,0.0,0.0,0.0,0.0,0.0,0.0,0.0,0.0
Profit Margin,,,,,,,,,,
Free Cash Flow margin,0.0,0.0,0.0,0.0,0.0,0.0,0.0,0.0,0.0,0.0
EBITDA,-11646666.6667,-50816182.2467,-19923363.0952,-25249457.7007,-28703958.6919,-2198308.2707,-15756539.2354,-19755381.6047,-14127382.1464,-12180343.5115
EBIT,-11820000.0,-50954438.3346,-20075892.8571,-25451193.0586,-28946643.7177,-2198308.2707,-15756539.2354,-19755381.6047,-14127382.1464,-12180343.5115
Consolidated Income,-11820000.0,-50954438.3346,-20075892.8571,-24460592.914,-26976764.1997,-2371240.6015,-15756539.2354,-19705479.4521,-14157472.4173,-12156488.5496
Earnings Before Tax Margin,0.0,0.0,0.0,0.0,0.0,0.0,0.0,0.0,0.0,0.0
Net Profit Margin,0.0,0.0,0.0,0.0,0.0,0.0,0.0,0.0,0.0,0.0
