Date,2018-12-31,2017-12-31,2016-12-31,2015-12-31,2014-12-31,2013-12-31,2012-12-31,2011-12-31,2010-12-31,2009-12-31
Revenue,1359132000.0,1289386000.0,1228179000.0,1225456000.0,1243862000.0,1172558000.0,1143692000.0,1024173000.0,873220000.0,676594000.0
Revenue Growth,0.0540924129779601,0.049835569570885,0.00222203000352522,-0.0147974614547273,0.0608106379385924,0.0252393126820857,0.116698057847649,0.172869379995877,0.290611504092558,-0.1754
Cost of Revenue,333727000.0,328324000.0,313121000.0,316956000.0,318132000.0,305243000.0,280274000.0,240964000.0,200083000.0,169884000.0
Gross Profit,1025405000.0,961062000.0,915058000.0,908500000.0,925730000.0,867315000.0,863418000.0,783209000.0,673137000.0,506710000.0
R&D Expenses,261072000.0,231761000.0,235706000.0,225131000.0,227433000.0,234796000.0,222994000.0,199071000.0,158149000.0,132974000.0
SG&A Expense,591454000.0,583523000.0,559626000.0,546197000.0,553110000.0,535218000.0,516707000.0,471426000.0,386675000.0,327205000.0
Operating Expenses,852526000.0,815284000.0,795332000.0,771328000.0,780543000.0,770014000.0,746484000.0,670497000.0,544824000.0,460179000.0
Operating Income,172879000.0,145778000.0,119726000.0,137172000.0,145187000.0,98617000.0,116934000.0,112712000.0,128313000.0,46531000.0
Interest Expense,0.0,457000.0,534000.0,245000.0,0.0,0.0,0.0,0.0,0.0,0.0
Earnings before Tax,176453000.0,147380000.0,114635000.0,131279000.0,144001000.0,97168000.0,114837000.0,111134000.0,128112000.0,50245000.0
Income Tax Expense,21396000.0,94969000.0,31901000.0,36017000.0,17668000.0,16655000.0,24700000.0,17062000.0,18996000.0,33160000.0
Net Income - Non-Controlling int,0.0,0.0,0.0,0.0,0.0,0.0,0.0,0.0,0.0,0.0
Net Income - Discontinued ops,0.0,0.0,0.0,0.0,0.0,0.0,0.0,0.0,0.0,0.0
Net Income,155057000.0,52411000.0,82734000.0,95262000.0,126333000.0,80513000.0,90137000.0,94072000.0,109116000.0,17085000.0
Preferred Dividends,0.0,0.0,0.0,0.0,0.0,0.0,0.0,0.0,0.0,0.0
Net Income Com,155057000.0,52411000.0,82734000.0,95262000.0,126333000.0,80513000.0,90137000.0,94072000.0,109116000.0,17085000.0
EPS,1.17,0.4,0.64,0.74,0.99,0.65,0.74,0.79,1.4,0.15
EPS Diluted,1.16,0.4,0.64,0.74,0.99,0.64,0.73,0.78,1.38,0.15
Weighted Average Shs Out,131987000.0,130300000.0,128453000.0,127997000.0,127030000.0,124558000.0,121973000.0,119836000.0,77982000.0,116591375.0
Weighted Average Shs Out (Dil),133274000.0,131387000.0,129008000.0,128668000.0,127799000.0,125571000.0,122977000.0,121220000.0,79048000.0,116280000.0
Dividend per Share,0.911933310323,0.833803953207,0.797601699119,0.758875555694,0.596929553439,0.555669700807,0.556209697748,0.395652532585,0.513839692339,0.32
Gross Margin,0.754455785016,0.745364072512,0.745052634836,0.741356686817,0.744238508773,0.739677696114,0.754939266866,0.764723342638,0.770867593505,0.7489
EBITDA Margin,0.179192308032,0.169439562707,0.157237666496,0.171773609171,0.173164707982,0.142074848323,0.153555327833,0.158771027942,0.190312865028,0.131
EBIT Margin,0.127198094078,0.113060014612,0.0974825330835,0.111935475448,0.116722755418,0.0841041551889,0.102242561809,0.110051719778,0.146942351297,0.0743
Profit Margin,0.114085313273,0.0406480293721,0.0673631449487,0.0777359611443,0.101565125392,0.0686644072191,0.0788123026129,0.091851669591,0.124958200683,0.025
Free Cash Flow margin,0.17652516459,0.150603465525,0.123284146692,0.104981329399,0.12072561104,0.103775676768,0.0379848770473,0.112353088785,0.133598634937,0.1511
EBITDA,243546000.0,218473000.0,193116000.0,210501000.0,215393000.0,166591000.0,175620000.0,162609000.0,166185000.0,88610000.0
EBIT,172879000.0,145778000.0,119726000.0,137172000.0,145187000.0,98617000.0,116934000.0,112712000.0,128313000.0,50245000.0
Consolidated Income,155057000.0,52411000.0,82734000.0,95262000.0,126333000.0,80513000.0,90137000.0,94072000.0,109116000.0,17085000.0
Earnings Before Tax Margin,0.12982771357,0.114302466445,0.0933373718326,0.107126653262,0.11576927344,0.0828683954227,0.100409026206,0.108510964456,0.146712168755,0.0743
Net Profit Margin,0.114085313273,0.0406480293721,0.0673631449487,0.0777359611443,0.101565125392,0.0686644072191,0.0788123026129,0.091851669591,0.124958200683,0.0253
