Date,2018-12-31,2017-12-31,2016-12-31,2015-12-31,2014-12-31,2013-12-31,2012-12-31,2011-12-31,2010-12-31,2009-12-31
Revenue,4986000000.0,4256000000.0,3491000000.0,3133000000.0,5101000000.0,5015000000.0,4223000000.0,3763000000.0,3022000000.0,2313000000.0
Revenue Growth,0.171522556390977,0.219134918361501,0.114267475263326,-0.385806704567732,0.017148554336989,0.187544399715842,0.122242891310125,0.245201853077432,0.30652831820147,-0.4071
Cost of Revenue,38000000.0,0.0,0.0,0.0,0.0,0.0,0.0,0.0,0.0,525000000.0
Gross Profit,4948000000.0,0.0,0.0,0.0,0.0,0.0,0.0,0.0,0.0,1788000000.0
R&D Expenses,129000000.0,188000000.0,925000000.0,488000000.0,498000000.0,415000000.0,409000000.0,279000000.0,245000000.0,144000000.0
SG&A Expense,385000000.0,415000000.0,399000000.0,396000000.0,503000000.0,433000000.0,384000000.0,341000000.0,277000000.0,237000000.0
Operating Expenses,4635000000.0,6058000000.0,4787000000.0,5605000000.0,4183000000.0,3359000000.0,2811000000.0,3023000000.0,2070000000.0,1868000000.0
Operating Income,351000000.0,-1802000000.0,-1296000000.0,-2472000000.0,918000000.0,1656000000.0,1412000000.0,740000000.0,952000000.0,-80000000.0
Interest Expense,282000000.0,354000000.0,328000000.0,263000000.0,210000000.0,158000000.0,125000000.0,65000000.0,-72000000.0,84000000.0
Earnings before Tax,140000000.0,-2191000000.0,-1772000000.0,-2219000000.0,1710000000.0,1344000000.0,1356000000.0,-537000000.0,235000000.0,-264000000.0
Income Tax Expense,126000000.0,-1141000000.0,-787000000.0,222000000.0,496000000.0,437000000.0,391000000.0,262000000.0,306000000.0,-133000000.0
Net Income - Non-Controlling int,0.0,0.0,0.0,0.0,0.0,0.0,0.0,0.0,0.0,0.0
Net Income - Discontinued ops,0.0,0.0,0.0,0.0,0.0,0.0,0.0,0.0,0.0,0.0
Net Income,-66000000.0,-1118000000.0,-998000000.0,-2441000000.0,1214000000.0,978000000.0,1027000000.0,453000000.0,725000000.0,-131000000.0
Preferred Dividends,0.0,0.0,0.0,0.0,0.0,0.0,0.0,0.0,0.0,0.0
Net Income Com,-66000000.0,-1118000000.0,-998000000.0,-2441000000.0,1214000000.0,978000000.0,1027000000.0,453000000.0,725000000.0,-131000000.0
EPS,-0.14,-2.38,-2.32,-6.07,3.36,2.72,5.77,2.57,4.15,-0.375
EPS Diluted,-0.14,-2.38,-2.32,-6.07,3.27,2.69,5.71,2.54,4.1,-0.375
Weighted Average Shs Out,483000000.0,469000000.0,430000000.0,402000000.0,361000000.0,359000000.0,178000000.0,176000000.0,175000000.0,346954646.0
Weighted Average Shs Out (Dil),483000000.0,469000000.0,430000000.0,402000000.0,367000000.0,363000000.0,180000000.0,179000000.0,177000000.0,346000000.0
Dividend per Share,0.430641821946,0.405117270789,0.4,0.723880597015,0.678474114441,0.545454545455,0.911111111111,0.798882681564,0.717514124294,0.36
Gross Margin,0.992378660249,0.0,0.0,0.0,0.0,0.0,0.0,0.0,0.0,0.773
EBITDA Margin,0.45828319294,0.0589755639098,0.347464909768,-0.0727736993297,0.524799059008,0.643270189432,0.666587733839,0.453095934095,0.607213765718,0.275
EBIT Margin,0.0703971119134,-0.423402255639,-0.371240332283,-0.789020108522,0.179964712801,0.330209371884,0.334359460099,0.19665160776,0.315023163468,-0.0778
Profit Margin,-0.0132370637786,-0.262687969925,-0.285877971928,-0.779125438876,0.23799255048,0.195014955135,0.243192043571,0.120382673399,0.239907346128,-0.057
Free Cash Flow margin,0.468511833133,0.458411654135,0.386995130335,0.677625279285,0.687316212507,0.585643070788,0.694529955008,0.576667552485,0.643944407677,0.1038
EBITDA,2285000000.0,251000000.0,1213000000.0,-228000000.0,2677000000.0,3226000000.0,2815000000.0,1705000000.0,1835000000.0,636000000.0
EBIT,351000000.0,-1802000000.0,-1296000000.0,-2472000000.0,918000000.0,1656000000.0,1412000000.0,740000000.0,952000000.0,-180000000.0
Consolidated Income,-66000000.0,-1118000000.0,-998000000.0,-2441000000.0,1214000000.0,978000000.0,1027000000.0,453000000.0,725000000.0,-131000000.0
Earnings Before Tax Margin,0.0280786201364,-0.514802631579,-0.507590948152,-0.708266836898,0.335228386591,0.267996011964,0.321098744968,-0.142705288334,0.077763070814,-0.1141
Net Profit Margin,-0.0132370637786,-0.262687969925,-0.285877971928,-0.779125438876,0.23799255048,0.195014955135,0.243192043571,0.120382673399,0.239907346128,-0.0566
