Date,2019-03-31,2018-03-31,2017-03-31,2016-03-31,2015-03-31,2014-03-31,2013-03-31,2012-03-31,2011-03-31,2010-03-31
Revenue,24016907000.0,17282718000.0,13022228000.0,11742110000.0,16802057000.0,9699274000.0,4417767000.0,1310473000.0,622232000.0,735506000.0
Revenue Growth,0.0,0.0,0.0,0.0,0.0,0.0,0.0,0.0,-0.154008260979516,0.0007
Cost of Revenue,23284917000.0,16536038000.0,12321909000.0,10839037000.0,15958207000.0,9132699000.0,4039110000.0,1217023000.0,583032000.0,708215000.0
Gross Profit,731990000.0,746680000.0,700319000.0,903073000.0,843850000.0,566575000.0,378657000.0,93450000.0,39200000.0,27291000.0
R&D Expenses,0.0,0.0,0.0,0.0,0.0,0.0,0.0,0.0,0.0,0.0
SG&A Expense,107534000.0,109451000.0,116566000.0,139541000.0,149430000.0,79860000.0,52698000.0,16009000.0,20922000.0,17849000.0
Operating Expenses,107534000.0,109451000.0,116566000.0,139541000.0,149430000.0,79860000.0,52698000.0,47300000.0,24363000.0,20630000.0
Operating Income,141989000.0,138257000.0,255083000.0,-104603000.0,87111000.0,106565000.0,87307000.0,15030000.0,14837000.0,6661000.0
Interest Expense,164726000.0,199570000.0,150478000.0,133089000.0,110123000.0,58854000.0,32994000.0,7620000.0,2482000.0,668000.0
Earnings before Tax,-62490000.0,-68147000.0,145813000.0,-187464000.0,26262000.0,49695000.0,50065000.0,8465000.0,12679000.0,6114000.0
Income Tax Expense,1234000.0,1458000.0,1939000.0,-367000.0,-3622000.0,937000.0,1875000.0,601000.0,0.0,2478000.0
Net Income - Non-Controlling int,0.0,0.0,0.0,0.0,0.0,0.0,0.0,0.0,0.0,-6000.0
Net Income - Discontinued ops,0.0,0.0,0.0,0.0,0.0,0.0,0.0,0.0,0.0,0.0
Net Income,360047000.0,-70875000.0,137042000.0,-187097000.0,26262000.0,49695000.0,50065000.0,7864000.0,12679000.0,3636000.0
Preferred Dividends,111936000.0,59697000.0,30142000.0,47620000.0,45679000.0,14148000.0,2917000.0,-8000.0,13000.0,0.0
Net Income Com,360047000.0,-70875000.0,137042000.0,-187097000.0,26262000.0,49695000.0,50065000.0,7864000.0,12666000.0,3636000.0
EPS,2.01,-1.08,0.95,-2.35,-0.29,0.51,0.0,0.32,1.16,178.75
EPS Diluted,2.01,-1.08,0.95,-2.35,-0.29,0.51,0.0,0.32,1.16,176.61
Weighted Average Shs Out,123017064.0,0.0,0.0,104838886.0,86359300.0,61970471.0,41353574.0,15169983.0,14433568.0,14433568.0
Weighted Average Shs Out (Dil),123017064.0,0.0,0.0,104838886.0,86359300.0,61970471.0,41353574.0,15169983.0,10933568.0,19603.0
Dividend per Share,0.0,0.0,0.0,0.340713273127,0.0,0.0,0.0,0.0,0.0,0.0
Gross Margin,0.0304781127728,0.0432038525422,0.0537787389378,0.0769089201174,0.0502230173365,0.0584141658438,0.0857123066925,0.0713101300065,0.063,0.0371
EBITDA Margin,0.0153926148775,0.0235892872869,0.037848976381,0.0123153334452,0.0177112838029,0.0246634954328,0.0373084411197,0.0245850162499,0.031,0.014
EBIT Margin,0.00591204354499,0.00799972550614,0.0195882762919,-0.00890836485095,0.00518454377342,0.0109869047931,0.0197626991193,0.0114691412948,0.0244,0.0092
Profit Margin,0.0149913975184,-0.00410091745986,0.0105236984025,-0.0159338483458,0.00156302290845,0.00512357935243,0.0113326483719,0.00600088670274,0.02,0.005
Free Cash Flow margin,-0.00492831987066,-0.00107459949297,-0.0300021624564,-0.026433920309,0.0034896917681,-0.00823896716393,0.0135262905445,0.0631718471117,0.0523,0.0094
EBITDA,369683000.0,407687000.0,492878000.0,144608000.0,297586000.0,239218000.0,164820000.0,32218000.0,19567000.0,10621000.0
EBIT,141989000.0,138257000.0,255083000.0,-104603000.0,87111000.0,106565000.0,87307000.0,15030000.0,15161000.0,6782000.0
Consolidated Income,360047000.0,-70875000.0,137042000.0,-187097000.0,26262000.0,49695000.0,50065000.0,7864000.0,12679000.0,3630000.0
Earnings Before Tax Margin,-0.00260191705785,-0.00394307191728,0.0111972390592,-0.0159651033758,0.00156302290845,0.00512357935243,0.0113326483719,0.00645949973788,0.0204,0.0083
Net Profit Margin,0.0149913975184,-0.00410091745986,0.0105236984025,-0.0159338483458,0.00156302290845,0.00512357935243,0.0113326483719,0.00600088670274,0.0204,0.0049
