Date,2018-12-31,2017-12-31,2016-12-31,2015-12-31,2014-12-31,2013-12-31,2012-12-31,2011-12-31,2010-12-31,2009-12-31
Revenue,118217000.0,112035000.0,108920000.0,108994000.0,103846000.0,92045000.0,83196000.0,138835000.0,76138000.0,116125000.0
Revenue Growth,0.0551791850760923,0.028598971722365,-0.000678936455217718,0.0495734067754174,0.128209028192732,0.106363286696476,-0.400756293441855,0.823465286716226,-0.344344456404736,-0.2983
Cost of Revenue,79946000.0,77210000.0,73753000.0,75593000.0,71598000.0,64471000.0,58869000.0,103637000.0,53678000.0,92345000.0
Gross Profit,38271000.0,34825000.0,35167000.0,33401000.0,32248000.0,27574000.0,24327000.0,35198000.0,22460000.0,23780000.0
R&D Expenses,0.0,0.0,0.0,0.0,0.0,0.0,0.0,0.0,0.0,0.0
SG&A Expense,20460000.0,19587000.0,19593000.0,19430000.0,18641000.0,18246000.0,17747000.0,24280000.0,31715000.0,45656000.0
Operating Expenses,20460000.0,19587000.0,19593000.0,19430000.0,18641000.0,18246000.0,17747000.0,24280000.0,40166000.0,35117000.0
Operating Income,-60666000.0,867000.0,-983000.0,268000.0,2838000.0,-68258000.0,-8059000.0,8444000.0,-17706000.0,-11337000.0
Interest Expense,37000.0,30000.0,4000.0,0.0,0.0,127000.0,1023000.0,1623000.0,1502000.0,1060000.0
Earnings before Tax,-54374000.0,112192000.0,13916000.0,-51327000.0,34633000.0,-96454000.0,77122000.0,107380000.0,106820000.0,-22102000.0
Income Tax Expense,-15361000.0,-5634000.0,-2777000.0,-28611000.0,5003000.0,-41911000.0,19933000.0,24725000.0,36439000.0,-10347000.0
Net Income - Non-Controlling int,0.0,0.0,0.0,0.0,0.0,0.0,0.0,0.0,396000.0,-258000.0
Net Income - Discontinued ops,0.0,0.0,0.0,0.0,0.0,0.0,0.0,0.0,550000.0,0.0
Net Income,-41017000.0,116100000.0,15325000.0,-23909000.0,28499000.0,-55333000.0,74536000.0,81657000.0,70381000.0,-11755000.0
Preferred Dividends,0.0,0.0,0.0,0.0,0.0,0.0,0.0,0.0,0.0,0.0
Net Income Com,-41017000.0,116100000.0,15325000.0,-23909000.0,28499000.0,-55333000.0,74536000.0,81657000.0,70381000.0,-11755000.0
EPS,-0.84,2.38,0.31,-0.49,0.59,-1.14,1.53,1.68,1.4,-0.24
EPS Diluted,-0.84,2.38,0.31,-0.49,0.59,-1.14,1.53,1.68,1.4,-0.24
Weighted Average Shs Out,48727000.0,48711000.0,48701000.0,48688000.0,48679000.0,48672000.0,48667000.0,0.0,48630934.0,48611584.0
Weighted Average Shs Out (Dil),48727000.0,48711000.0,48701000.0,48688000.0,48679000.0,48672000.0,48667000.0,0.0,48627000.0,48609000.0
Dividend per Share,0.00687503847969,0.00683623822135,0.00681710847827,0.00677785080513,0.00673801844738,0.5,0.499989726098,0.0,0.5,0.5
Gross Margin,0.323735164993,0.310840362387,0.322869996328,0.306448061361,0.310536756351,0.299570862078,0.292405884898,0.253523967299,0.295,0.2048
EBITDA Margin,-0.4837713696,0.0410675235418,0.0256243114212,0.0355707653632,0.0620052770449,-0.705339779456,-0.0268402327035,0.110008283214,1.524,-0.11
EBIT Margin,-0.51317492408,0.00773865309948,-0.00902497245685,0.00245885094592,0.0273289293762,-0.741572057146,-0.0968676378672,0.0608203983145,1.4227,-0.1812
Profit Margin,-0.346963634672,1.03628330432,0.140699596034,-0.219360698754,0.274435221386,-0.601151610625,0.895908457137,0.588158605539,0.924,-0.101
Free Cash Flow margin,0.118071005016,0.141277279422,0.224871465296,0.218434042241,0.199275850779,0.123461350426,0.161498148949,0.323823243418,0.0432,-0.008
EBITDA,-57190000.0,4601000.0,2791000.0,3877000.0,6439000.0,-64923000.0,-2233000.0,15273000.0,116056000.0,-12770000.0
EBIT,-60666000.0,867000.0,-983000.0,268000.0,2838000.0,-68258000.0,-8059000.0,8444000.0,108322000.0,-21042000.0
Consolidated Income,-41017000.0,116100000.0,15325000.0,-23909000.0,28499000.0,-55333000.0,74536000.0,81657000.0,70777000.0,-12013000.0
Earnings Before Tax Margin,-0.459950768502,1.00140134779,0.127763496144,-0.470915830229,0.333503457042,-1.04790048346,0.926991682292,0.773436093204,1.403,-0.1903
Net Profit Margin,-0.346963634672,1.03628330432,0.140699596034,-0.219360698754,0.274435221386,-0.601151610625,0.895908457137,0.588158605539,0.9244,-0.1012
