Date,2018-12-31,2017-12-31,2016-12-31,2015-12-31,2014-12-31,2013-12-31,2012-12-31,2011-12-31,2010-12-31,2009-12-31
Revenue,6515000000.0,6572000000.0,6309000000.0,6172000000.0,6288000000.0,5703000000.0,5612000000.0,5532000000.0,5126000000.0,4808000000.0
Revenue Growth,-0.00867315885575167,0.0416864796322714,0.0221970187945561,-0.0184478371501272,0.102577590741715,0.0162152530292231,0.0144613159797542,0.0792040577448303,0.0661397670549085,0.0004
Cost of Revenue,2805000000.0,2765000000.0,2607000000.0,2539000000.0,2620000000.0,2398000000.0,2278000000.0,2237000000.0,2129000000.0,2023000000.0
Gross Profit,3710000000.0,3807000000.0,3702000000.0,3633000000.0,3668000000.0,3305000000.0,3334000000.0,3295000000.0,2997000000.0,2785000000.0
R&D Expenses,0.0,0.0,0.0,0.0,0.0,0.0,0.0,0.0,0.0,0.0
SG&A Expense,1958000000.0,1862000000.0,1851000000.0,1915000000.0,1917000000.0,1815000000.0,1778000000.0,1888000000.0,1648000000.0,1523000000.0
Operating Expenses,1958000000.0,1862000000.0,1851000000.0,1915000000.0,1917000000.0,1815000000.0,1778000000.0,1888000000.0,2267000000.0,2669000000.0
Operating Income,-475000000.0,1225000000.0,1143000000.0,1093000000.0,1089000000.0,861000000.0,952000000.0,794000000.0,730000000.0,116000000.0
Interest Expense,394000000.0,374000000.0,333000000.0,311000000.0,300000000.0,309000000.0,413000000.0,477000000.0,660000000.0,647000000.0
Earnings before Tax,-882000000.0,713000000.0,350000000.0,575000000.0,381000000.0,431000000.0,408000000.0,104000000.0,84000000.0,-688000000.0
Income Tax Expense,-182000000.0,388000000.0,309000000.0,383000000.0,236000000.0,91000000.0,140000000.0,22000000.0,-46000000.0,-197000000.0
Net Income - Non-Controlling int,0.0,0.0,0.0,0.0,0.0,0.0,0.0,0.0,2000000.0,2000000.0
Net Income - Discontinued ops,0.0,0.0,0.0,0.0,0.0,0.0,0.0,0.0,22000000.0,61000000.0
Net Income,-712000000.0,429000000.0,502000000.0,570000000.0,384000000.0,740000000.0,273000000.0,84000000.0,130000000.0,-491000000.0
Preferred Dividends,0.0,0.0,0.0,0.0,0.0,0.0,0.0,0.0,0.0,0.0
Net Income Com,-712000000.0,429000000.0,502000000.0,570000000.0,384000000.0,740000000.0,273000000.0,84000000.0,130000000.0,-491000000.0
EPS,-2.0,1.2,1.4,1.55,1.01,1.97,0.75,0.24,0.47,-1.79
EPS Diluted,-2.0,1.2,1.39,1.54,1.0,1.94,0.75,0.24,0.46,-1.79
Weighted Average Shs Out,355601564.0,356714940.0,358830080.0,366996788.0,379333037.0,375797629.0,361787868.0,352469181.0,,
Weighted Average Shs Out (Dil),355601564.0,358052433.0,362167129.0,370957804.0,384371452.0,380927966.0,366310984.0,357501954.0,276499073.0,273905810.0
Dividend per Share,1.38919523987,1.32382845727,1.19834177441,1.09985555123,0.926187411026,0.695669584942,0.0,0.0,0.0,0.0
Gross Margin,0.569455103607,0.579275715155,0.586780789349,0.588626053143,0.583333333333,0.579519551113,0.594084105488,0.595625451916,0.5847,0.5792
EBITDA Margin,0.0306983883346,0.283779671333,0.276747503566,0.27009073234,0.264312977099,0.242328598983,0.262295081967,0.239154013015,0.254,0.108
EBIT Margin,-0.0729086722947,0.186396835058,0.181169757489,0.177090084251,0.173187022901,0.150973172015,0.169636493229,0.143528561099,0.1451,-0.0085
Profit Margin,-0.109286262471,0.0652769324407,0.0795688698684,0.0923525599482,0.0610687022901,0.129756268631,0.0486457590877,0.0151843817787,0.025,-0.102
Free Cash Flow margin,0.146124328473,0.181223371881,0.188143921382,0.169313026572,0.147900763359,0.135192004208,0.11617961511,0.0838756326826,0.0408,0.0489
EBITDA,200000000.0,1865000000.0,1746000000.0,1667000000.0,1662000000.0,1382000000.0,1472000000.0,1323000000.0,1302000000.0,521000000.0
EBIT,-475000000.0,1225000000.0,1143000000.0,1093000000.0,1089000000.0,861000000.0,952000000.0,794000000.0,744000000.0,-41000000.0
Consolidated Income,-712000000.0,429000000.0,502000000.0,570000000.0,384000000.0,740000000.0,273000000.0,84000000.0,132000000.0,-489000000.0
Earnings Before Tax Margin,-0.135379892556,0.108490566038,0.0554763036931,0.0931626701231,0.0605916030534,0.0755742591618,0.0727013542409,0.0187997107737,0.0164,-0.1431
Net Profit Margin,-0.109286262471,0.0652769324407,0.0795688698684,0.0923525599482,0.0610687022901,0.129756268631,0.0486457590877,0.0151843817787,0.0254,-0.1021
