Date,2018-12-31,2017-12-31,2016-12-31,2015-12-31,2014-12-31,2013-12-31,2012-12-31,2011-12-31,2010-12-31,2009-12-31
Revenue,0.0,0.0,0.0,0.0,0.0,0.0,0.0,0.0,0.0,2128012000.0
Revenue Growth,0.0,0.0,0.0,0.0,0.0,0.0,0.0,0.0,-1,3.4573
Cost of Revenue,0.0,0.0,0.0,0.0,0.0,0.0,0.0,0.0,0.0,0.0
Gross Profit,0.0,0.0,0.0,0.0,0.0,0.0,0.0,0.0,0.0,2128012000.0
R&D Expenses,0.0,0.0,0.0,0.0,0.0,0.0,0.0,0.0,0.0,0.0
SG&A Expense,329873000.0,224124000.0,250356000.0,200240000.0,209338000.0,232081000.0,190702000.0,206251000.0,0.0,130152000.0
Operating Expenses,329873000.0,224124000.0,263249000.0,207549000.0,210728000.0,234695000.0,194782000.0,208551000.0,0.0,131908000.0
Operating Income,51773000.0,1575998000.0,1431191000.0,466556000.0,-842083000.0,3729698000.0,1771812000.0,402372000.0,0.0,1996104000.0
Interest Expense,1897860000.0,1008354000.0,657752000.0,471596000.0,512659000.0,624714000.0,667172000.0,480326000.0,0.0,0.0
Earnings before Tax,51773000.0,1575998000.0,1431191000.0,-116732000.0,2111537000.0,0.0,1771812000.0,402372000.0,0.0,1995852000.0
Income Tax Expense,-2375000.0,6982000.0,-1595000.0,-1954000.0,5325000.0,8213000.0,35912000.0,59051000.0,0.0,34381000.0
Net Income - Non-Controlling int,0.0,0.0,0.0,0.0,0.0,0.0,0.0,0.0,0.0,0.0
Net Income - Discontinued ops,0.0,0.0,0.0,0.0,0.0,0.0,0.0,0.0,0.0,0.0
Net Income,54408000.0,1569604000.0,1433756000.0,466556000.0,-842083000.0,3729698000.0,1735900000.0,344461000.0,0.0,1961471000.0
Preferred Dividends,129312000.0,109635000.0,82260000.0,71968000.0,71968000.0,71968000.0,39530000.0,16854000.0,0.0,18501000.0
Net Income Com,54408000.0,1569604000.0,1433756000.0,466556000.0,-842083000.0,3729698000.0,1735900000.0,344461000.0,0.0,1942970000.0
EPS,-0.06,1.37,1.39,0.42,-0.96,3.86,1.74,0.37,0.0,3.55
EPS Diluted,-0.06,1.37,1.39,0.42,-0.96,3.74,1.71,0.37,0.0,3.52
Weighted Average Shs Out,1209601809.0,1065923652.0,969787583.0,947062099.0,947539294.0,947337915.0,972902459.0,874212039.0,0.0,552778531.0
Weighted Average Shs Out (Dil),1209601809.0,1066351616.0,970102353.0,947276742.0,947539294.0,995557026.0,1005755057.0,874518938.0,0.0,546973036.0
Dividend per Share,1.27387871656,1.26897355403,1.25855895125,1.27655409067,1.2759196454,1.64807033364,2.13757016188,2.33441371169,0.0,2.54
Gross Margin,0.0,0.0,0.0,0.0,0.0,0.0,0.0,0.0,0.0,1.0
EBITDA Margin,0.0,0.0,0.0,0.0,0.0,0.0,0.0,0.0,0.0,0.939
EBIT Margin,0.0,0.0,0.0,0.0,0.0,0.0,0.0,0.0,0.0,0.9379
Profit Margin,0.0,0.0,0.0,0.0,0.0,0.0,0.0,0.0,0.0,0.913
Free Cash Flow margin,0.0,0.0,0.0,0.0,0.0,0.0,0.0,0.0,0.0,5.0835
EBITDA,-637599000.0,733949000.0,1471562000.0,508454000.0,-785279000.0,3757565000.0,330073000.0,-378383000.0,0.0,1998168000.0
EBIT,51773000.0,1575998000.0,1431191000.0,466556000.0,-842083000.0,3729698000.0,1771812000.0,402372000.0,0.0,1995852000.0
Consolidated Income,54408000.0,1569604000.0,1433756000.0,466556000.0,-842083000.0,3729698000.0,1735900000.0,344461000.0,0.0,1961471000.0
Earnings Before Tax Margin,0.0,0.0,0.0,0.0,0.0,0.0,0.0,0.0,0.0,0.9379
Net Profit Margin,0.0,0.0,0.0,0.0,0.0,0.0,0.0,0.0,0.0,0.9217
