Date,2018-12-31,2017-12-31,2016-12-31,2015-12-31,2014-12-31,2013-12-31,2012-12-31,2011-12-31,2010-12-31,2009-12-31
Revenue,251071000.0,374161000.0,370978000.0,488849000.0,399752000.0,358117000.0,379147000.0,0.0,0.0,256084000.0
Revenue Growth,-0.328976029035629,0.00858002361326009,-0.241119445882062,0.222880686025336,0.11626088680515,-0.0554666132133447,0.0,0.0,-1,-0.122
Cost of Revenue,17894000.0,126982000.0,119621000.0,155959000.0,3975000.0,1103000.0,1857000.0,0.0,0.0,18995000.0
Gross Profit,104053000.0,114202000.0,114232000.0,131493000.0,118439000.0,94299000.0,377290000.0,0.0,0.0,237089000.0
R&D Expenses,0.0,0.0,0.0,0.0,0.0,0.0,0.0,0.0,0.0,0.0
SG&A Expense,12838000.0,13513000.0,16979000.0,7036000.0,36437000.0,36821000.0,29714000.0,0.0,0.0,23102000.0
Operating Expenses,85974000.0,194042000.0,214314000.0,966760000.0,210833000.0,121881000.0,111982000.0,0.0,0.0,83114000.0
Operating Income,192538000.0,183975000.0,185745000.0,-477911000.0,188919000.0,236236000.0,267165000.0,0.0,0.0,153975000.0
Interest Expense,70178000.0,82902000.0,90047000.0,93827000.0,80185000.0,64396000.0,53972000.0,0.0,0.0,40108000.0
Earnings before Tax,122360000.0,89208000.0,95214000.0,-573413000.0,108749000.0,172143000.0,213405000.0,0.0,0.0,114080000.0
Income Tax Expense,0.0,0.0,0.0,0.0,0.0,0.0,0.0,0.0,0.0,0.0
Net Income - Non-Controlling int,0.0,0.0,0.0,0.0,0.0,0.0,0.0,0.0,0.0,0.0
Net Income - Discontinued ops,0.0,0.0,0.0,0.0,0.0,0.0,0.0,0.0,0.0,0.0
Net Income,139537000.0,88667000.0,96892000.0,-571720000.0,108830000.0,172078000.0,213355000.0,0.0,0.0,114080000.0
Preferred Dividends,2191000.0,1264000.0,1663000.0,-12228000.0,-2177000.0,-3442000.0,-4267000.0,0.0,0.0,35126000.0
Net Income Com,139537000.0,88667000.0,96892000.0,-571720000.0,108830000.0,172078000.0,213355000.0,0.0,0.0,78954000.0
EPS,6.76,3.96,7.78,-45.75,0.94,1.54,0.0,0.0,0.0,11.7
EPS Diluted,6.76,3.96,7.78,-45.75,0.94,1.54,0.0,0.0,0.0,11.7
Weighted Average Shs Out,12244000.0,12232000.0,12232000.0,12230000.0,113262000.0,109584000.0,106028000.0,0.0,0.0,6945114.0
Weighted Average Shs Out (Dil),12244000.0,12232000.0,12232000.0,12230000.0,113262000.0,109584000.0,106028000.0,0.0,0.0,6770200.0
Dividend per Share,0.0,0.0,0.0,0.0,0.0,0.0,0.0,0.0,0.0,21.55
Gross Margin,0.414436553804,0.305221549012,0.307921224439,0.268984901268,0.29628119434,0.263318971174,0.995102163541,0.0,0.0,0.9258
EBITDA Margin,0.853252665581,0.587896654114,0.625419836217,-0.771369073068,0.672404390722,0.839426779516,0.858205392631,0.0,0.0,0.836
EBIT Margin,0.766866742874,0.491700097017,0.500690067875,-0.977624992585,0.472590506114,0.659661507273,0.704647537762,0.0,0.0,0.6021
Profit Margin,0.55576709377,0.236975526578,0.261179908243,-1.16952269515,0.272243791151,0.480507767015,0.562723692921,0.0,0.0,0.308
Free Cash Flow margin,0.752468425266,0.320284583375,0.276439573236,0.395314299508,0.521075566851,0.689925359589,0.714042310766,0.0,0.0,0.3544
EBITDA,214227000.0,219968000.0,232017000.0,-377083000.0,268795000.0,300613000.0,325386000.0,0.0,0.0,214200000.0
EBIT,192538000.0,183975000.0,185745000.0,-477911000.0,188919000.0,236236000.0,267165000.0,0.0,0.0,154188000.0
Consolidated Income,139537000.0,88667000.0,96892000.0,-571720000.0,108830000.0,172078000.0,213355000.0,0.0,0.0,114080000.0
Earnings Before Tax Margin,0.487352183247,0.238421428209,0.25665672897,-1.17298593226,0.272041165523,0.480689271942,0.562855567893,0.0,0.0,0.4455
Net Profit Margin,0.55576709377,0.236975526578,0.261179908243,-1.16952269515,0.272243791151,0.480507767015,0.562723692921,0.0,0.0,0.4455
