Date,2018-12-31,2017-12-31,2016-12-31,2015-12-31,2014-12-31,2013-12-31,2012-12-31,2011-12-31,2010-12-31,2009-12-31
Revenue,22106000.0,16451000.0,65088000.0,16565000.0,12309000.0,8017000.0,0.0,7398000.0,33037000.0,811000.0
Revenue Growth,0.343748100419427,-0.747249877089479,2.92924841533353,0.345763262653343,0.535362354995634,0.0,-1,-0.776069255683022,39.7361282367448,1.3238
Cost of Revenue,8072000.0,4970000.0,25794000.0,5506000.0,3510000.0,2359000.0,0.0,2106000.0,9595000.0,76000.0
Gross Profit,14034000.0,11481000.0,39294000.0,11059000.0,8799000.0,5658000.0,0.0,5292000.0,23442000.0,735000.0
R&D Expenses,0.0,0.0,0.0,0.0,0.0,0.0,0.0,0.0,0.0,0.0
SG&A Expense,2255000.0,2255000.0,2782000.0,2874000.0,3193000.0,2735000.0,0.0,2456000.0,3771000.0,2413000.0
Operating Expenses,12939000.0,10437000.0,32988000.0,12638000.0,6076000.0,4133000.0,0.0,3759000.0,4173000.0,3314000.0
Operating Income,9167000.0,6014000.0,32100000.0,3927000.0,2723000.0,1525000.0,0.0,1533000.0,19269000.0,-2579000.0
Interest Expense,0.0,0.0,0.0,0.0,0.0,0.0,0.0,0.0,0.0,0.0
Earnings before Tax,0.0,0.0,0.0,0.0,0.0,1561000.0,0.0,1581000.0,19310000.0,-2578000.0
Income Tax Expense,2308000.0,2096000.0,8938000.0,-122000.0,943000.0,545000.0,0.0,-6912000.0,74000.0,0.0
Net Income - Non-Controlling int,0.0,0.0,0.0,0.0,0.0,0.0,0.0,0.0,0.0,0.0
Net Income - Discontinued ops,0.0,0.0,0.0,0.0,0.0,0.0,0.0,0.0,0.0,0.0
Net Income,7706000.0,4133000.0,23223000.0,4107000.0,1766000.0,1016000.0,0.0,8493000.0,19236000.0,-2578000.0
Preferred Dividends,0.0,0.0,0.0,0.0,0.0,0.0,0.0,0.0,0.0,0.0
Net Income Com,7706000.0,4133000.0,23223000.0,4107000.0,1766000.0,1016000.0,0.0,8493000.0,19236000.0,-2578000.0
EPS,0.32,0.17,1.0,0.17,0.07,0.04,0.0,0.33,0.79,-0.11
EPS Diluted,0.3,0.16,0.93,0.17,0.07,0.04,0.0,0.27,0.67,-0.11
Weighted Average Shs Out,23763785.0,24147908.0,23320065.0,23501987.0,25170346.0,25589238.0,0.0,25813038.0,24560557.0,24135557.0
Weighted Average Shs Out (Dil),25354978.0,26396160.0,24885282.0,24482557.0,26928330.0,27954685.0,0.0,30930483.0,24422567.0,24135557.0
Dividend per Share,0.0963913279672,0.0916800019397,0.0,0.0,0.0,0.0,0.0,0.0,0.0,0.0
Gross Margin,0.634850266896,0.697890705732,0.603705752212,0.667612435859,0.714842797953,0.705750280654,0.0,0.715328467153,0.7096,0.9063
EBITDA Margin,0.427802406586,0.378092517172,0.505669247788,0.33697555086,0.355268502722,0.315953598603,0.0,0.208434712084,0.585,-3.168
EBIT Margin,0.414683796254,0.365570482038,0.493178466077,0.23706610323,0.221220245349,0.190220780841,0.0,0.207218167072,0.5845,-3.1788
Profit Margin,0.348593142133,0.251230928211,0.356793879056,0.247932387564,0.143472256073,0.126730697268,0.0,1.14801297648,0.582,-3.179
Free Cash Flow margin,0.366099701439,0.411768281563,0.459470255654,0.340054331422,0.468112763019,0.339902706748,0.0,0.265882670992,0.6052,-1.8015
EBITDA,9457000.0,6220000.0,32913000.0,5582000.0,4373000.0,2533000.0,0.0,1542000.0,19319000.0,-2569000.0
EBIT,9167000.0,6014000.0,32100000.0,3927000.0,2723000.0,1525000.0,0.0,1533000.0,19310000.0,-2578000.0
Consolidated Income,7706000.0,4133000.0,23223000.0,4107000.0,1766000.0,1016000.0,0.0,8493000.0,19236000.0,-2578000.0
Earnings Before Tax Margin,0.0,0.0,0.0,0.0,0.0,0.194711238618,0.0,0.213706407137,0.5845,-3.1788
Net Profit Margin,0.348593142133,0.251230928211,0.356793879056,0.247932387564,0.143472256073,0.126730697268,0.0,1.14801297648,0.5823,-3.1788
