Date,2018-12-31,2017-12-31,2016-12-31,2015-12-31,2014-12-31,2013-12-31,2012-12-31,2011-12-31,2010-12-31,2009-12-31
Revenue,2766696000.0,2431966000.0,1103190000.0,896377000.0,631311000.0,502330000.0,378632000.0,306491000.0,313350000.0,251979000.0
Revenue Growth,0.137637614999552,1.20448517481123,0.230721002435359,0.419865961467486,0.256765472896303,0.326697162416278,0.235377221517108,-0.0218892612095101,0.243556010619933,-0.1156
Cost of Revenue,41900000.0,0.0,0.0,0.0,0.0,0.0,0.0,0.0,78322000.0,77233000.0
Gross Profit,2724796000.0,0.0,0.0,0.0,0.0,0.0,0.0,0.0,235028000.0,174746000.0
R&D Expenses,0.0,0.0,0.0,0.0,0.0,0.0,0.0,0.0,0.0,0.0
SG&A Expense,579933000.0,591986000.0,263606000.0,232480000.0,174791000.0,150933000.0,117535000.0,105167000.0,100891000.0,89525000.0
Operating Expenses,2008917000.0,1913221000.0,815882000.0,690270000.0,458074000.0,399089000.0,278727000.0,258498000.0,167480000.0,166545000.0
Operating Income,757779000.0,518745000.0,287308000.0,206107000.0,173237000.0,103241000.0,99905000.0,47993000.0,67548000.0,8201000.0
Interest Expense,0.0,0.0,117163000.0,0.0,0.0,0.0,51559000.0,53004000.0,54266000.0,39182000.0
Earnings before Tax,532945000.0,241384000.0,170672000.0,125070000.0,110651000.0,815000.0,45074000.0,-6166000.0,4926000.0,-12414000.0
Income Tax Expense,144680000.0,-233943000.0,77572000.0,48687000.0,46101000.0,2600000.0,-132279000.0,5725000.0,6741000.0,200000.0
Net Income - Non-Controlling int,0.0,0.0,0.0,0.0,0.0,0.0,0.0,0.0,0.0,0.0
Net Income - Discontinued ops,0.0,0.0,0.0,0.0,0.0,0.0,0.0,0.0,0.0,0.0
Net Income,389477000.0,474997000.0,91537000.0,77684000.0,64550000.0,-1785000.0,182492000.0,-11891000.0,-1815000.0,-12614000.0
Preferred Dividends,0.0,0.0,0.0,0.0,0.0,0.0,0.0,0.0,0.0,0.0
Net Income Com,389477000.0,474997000.0,91537000.0,77684000.0,64550000.0,-1785000.0,182492000.0,-11891000.0,-1815000.0,-12614000.0
EPS,8.52,10.38,2.98,2.5,2.1,-0.06,6.31,-0.42,-0.06,-0.44
EPS Diluted,8.21,10.07,2.89,2.42,2.02,-0.06,5.94,-0.42,-0.06,-0.44
Weighted Average Shs Out,45718000.0,45754000.0,30687000.0,31100000.0,30774000.0,29897000.0,28940.0,0.0,28442427.0,28430427.0
Weighted Average Shs Out (Dil),47412000.0,47149000.0,31664000.0,32091000.0,32003000.0,29897000.0,30732.0,0.0,28434000.0,28427000.0
Dividend per Share,1.44750274192,1.18543341322,0.929920414351,0.738088560656,0.57635221698,0.478375756765,0.0,0.0,0.0,0.0
Gross Margin,0.984855582254,0.0,0.0,0.0,0.0,0.0,0.0,0.0,0.75,0.6935
EBITDA Margin,0.393278119461,0.350454734976,0.375697749254,0.366898079714,0.395058853719,0.362391256744,0.419280462296,0.358372676522,0.332,0.286
EBIT Margin,0.273893120169,0.213302735318,0.260433832794,0.229933387403,0.274408334403,0.205524256963,0.263857782755,0.156588611085,0.1889,0.1062
Profit Margin,0.140773326741,0.195313996988,0.0829748275456,0.0866644280253,0.102247545188,-0.0035534409651,0.481977223267,-0.038797224062,-0.006,-0.05
Free Cash Flow margin,0.227932884567,0.0264230667698,0.195693398236,0.187694463379,0.231483373488,0.0166902235582,0.165405987872,0.0880645761213,0.1466,0.0157
EBITDA,1088081000.0,852294000.0,414466000.0,328879000.0,249405000.0,182040000.0,158753000.0,109838000.0,104036000.0,72153000.0
EBIT,757779000.0,518745000.0,287308000.0,206107000.0,173237000.0,103241000.0,99905000.0,47993000.0,59192000.0,26768000.0
Consolidated Income,389477000.0,474997000.0,91537000.0,77684000.0,64550000.0,-1785000.0,182492000.0,-11891000.0,-1815000.0,-12614000.0
Earnings Before Tax Margin,0.192628680563,0.0992546770802,0.154707711274,0.139528345774,0.175271775718,0.00162243943225,0.119044349131,-0.0201180458806,0.0157,-0.0493
Net Profit Margin,0.140773326741,0.195313996988,0.0829748275456,0.0866644280253,0.102247545188,-0.0035534409651,0.481977223267,-0.038797224062,-0.0058,-0.0501
