Date,2018-12-31,2017-12-31,2016-12-31,2015-12-31,2014-12-31,2013-12-31,2012-12-31,2011-12-31,2010-12-31,2009-12-31
Revenue,7057000000.0,6384000000.0,5677000000.0,5350000000.0,5276000000.0,5295000000.0,5172000000.0,5335000000.0,0.0,4803000000.0
Revenue Growth,0.105419799498747,0.124537607891492,0.0611214953271028,0.0140257771038666,-0.00358829084041549,0.0237819025522042,-0.0305529522024367,0.0,-1,-0.1786
Cost of Revenue,5425000000.0,4812000000.0,4296000000.0,4197000000.0,4300000000.0,4329000000.0,4375000000.0,4307000000.0,0.0,3954000000.0
Gross Profit,1632000000.0,1572000000.0,1381000000.0,1153000000.0,976000000.0,966000000.0,797000000.0,1028000000.0,0.0,849000000.0
R&D Expenses,89000000.0,85000000.0,82000000.0,73000000.0,76000000.0,77000000.0,79000000.0,77000000.0,0.0,61000000.0
SG&A Expense,0.0,0.0,0.0,0.0,0.0,0.0,0.0,0.0,0.0,522000000.0
Operating Expenses,825000000.0,835000000.0,682000000.0,605000000.0,584000000.0,581000000.0,649000000.0,567000000.0,0.0,657000000.0
Operating Income,807000000.0,737000000.0,699000000.0,453000000.0,232000000.0,273000000.0,-40000000.0,353000000.0,0.0,192000000.0
Interest Expense,117000000.0,107000000.0,108000000.0,100000000.0,114000000.0,112000000.0,114000000.0,108000000.0,0.0,111000000.0
Earnings before Tax,704000000.0,559000000.0,590000000.0,453000000.0,232000000.0,273000000.0,-40000000.0,353000000.0,0.0,78000000.0
Income Tax Expense,156000000.0,269000000.0,188000000.0,120000000.0,5000000.0,68000000.0,-28000000.0,74000000.0,0.0,14000000.0
Net Income - Non-Controlling int,0.0,0.0,0.0,0.0,0.0,0.0,0.0,0.0,0.0,3000000.0
Net Income - Discontinued ops,0.0,0.0,0.0,0.0,0.0,0.0,0.0,0.0,0.0,0.0
Net Income,545000000.0,289000000.0,393000000.0,330000000.0,226000000.0,204000000.0,-19000000.0,276000000.0,0.0,64000000.0
Preferred Dividends,0.0,0.0,0.0,0.0,0.0,0.0,0.0,0.0,0.0,0.0
Net Income Com,545000000.0,289000000.0,393000000.0,330000000.0,226000000.0,204000000.0,-19000000.0,276000000.0,0.0,64000000.0
EPS,4.94,2.59,3.44,2.82,1.92,1.73,-0.16,2.25,0.0,0.51
EPS Diluted,4.89,2.55,3.41,2.79,1.91,1.71,-0.16,2.23,0.0,0.5
Weighted Average Shs Out,110400000.0,111500000.0,114400000.0,117200000.0,117500000.0,118200000.0,119400000.0,122500000.0,0.0,127832344.0
Weighted Average Shs Out (Dil),111400000.0,113200000.0,114400000.0,118200000.0,118300000.0,119100000.0,119400000.0,123500000.0,0.0,124800000.0
Dividend per Share,0.825852782765,0.786219081272,0.708041958042,0.659898477157,0.473372781065,0.0,0.0,0.0,0.0,0.0
Gross Margin,0.2312597421,0.246240601504,0.243262286419,0.215514018692,0.184988627748,0.182436260623,0.154098994586,0.192689784442,0.0,0.1768
EBITDA Margin,0.175712058949,0.173558897243,0.183547648406,0.140747663551,0.101592115239,0.114258734655,0.0597447795824,0.125773195876,0.0,0.107
EBIT Margin,0.11435454159,0.115444862155,0.123128412894,0.0846728971963,0.0439727065959,0.0515580736544,-0.0077339520495,0.0661668228679,0.0,0.0394
Profit Margin,0.0772282839734,0.0452694235589,0.0692267042452,0.0616822429907,0.0428354814253,0.0385269121813,-0.00367362722351,0.0517338331771,0.0,0.013
Free Cash Flow margin,0.0376930707099,0.106359649123,0.0931830192003,0.0618691588785,0.00947687642153,0.0122757318225,-0.000386697602475,-0.0286785379569,0.0,0.062
EBITDA,1240000000.0,1108000000.0,1042000000.0,753000000.0,536000000.0,605000000.0,309000000.0,671000000.0,0.0,514000000.0
EBIT,807000000.0,737000000.0,699000000.0,453000000.0,232000000.0,273000000.0,-40000000.0,353000000.0,0.0,189000000.0
Consolidated Income,545000000.0,289000000.0,393000000.0,330000000.0,226000000.0,204000000.0,-19000000.0,276000000.0,0.0,67000000.0
Earnings Before Tax Margin,0.0997591044353,0.0875626566416,0.103928131055,0.0846728971963,0.0439727065959,0.0515580736544,-0.0077339520495,0.0661668228679,0.0,0.0162
Net Profit Margin,0.0772282839734,0.0452694235589,0.0692267042452,0.0616822429907,0.0428354814253,0.0385269121813,-0.00367362722351,0.0517338331771,0.0,0.0133
