Date,2018-12-31,2017-12-31,2016-12-31,2015-12-31,2014-12-31,2013-12-31,2012-12-31,2011-12-31,2010-12-31,2009-12-31
Revenue,108313000.0,101799000.0,94051000.0,93278000.0,85219000.0,77122000.0,64016000.0,54193000.0,46875000.0,44140000.0
Revenue Growth,0.0639888407548208,0.0823808359294425,0.0082870558974249,0.0945681127448104,0.104989497160343,0.204730067483129,0.181259572269481,0.156117333333333,0.0619619392840961,-0.3047
Cost of Revenue,42217000.0,40033000.0,36167000.0,36132000.0,35193000.0,35229000.0,31086000.0,26476000.0,22573000.0,21507000.0
Gross Profit,66096000.0,61766000.0,57884000.0,57146000.0,50026000.0,41893000.0,32930000.0,27717000.0,24302000.0,22633000.0
R&D Expenses,4813000.0,3293000.0,3185000.0,2684000.0,2921000.0,2758000.0,2597000.0,0.0,2321000.0,2250000.0
SG&A Expense,17800000.0,17897000.0,17108000.0,15707000.0,12351000.0,11133000.0,12030000.0,7666000.0,15233000.0,14139000.0
Operating Expenses,22613000.0,21190000.0,20293000.0,18391000.0,15272000.0,13891000.0,14627000.0,7666000.0,17554000.0,16389000.0
Operating Income,26366000.0,24217000.0,21897000.0,23503000.0,20645000.0,15048000.0,10747000.0,6709000.0,6748000.0,6244000.0
Interest Expense,0.0,0.0,0.0,0.0,0.0,0.0,0.0,0.0,25000.0,-174000.0
Earnings before Tax,26728000.0,24296000.0,21521000.0,23564000.0,20599000.0,14983000.0,10865000.0,6741000.0,6735000.0,6553000.0
Income Tax Expense,6451000.0,8450000.0,-6975000.0,7603000.0,6994000.0,4891000.0,4046000.0,2107000.0,2169000.0,2172000.0
Net Income - Non-Controlling int,0.0,0.0,0.0,0.0,0.0,0.0,0.0,0.0,-17000.0,-3000.0
Net Income - Discontinued ops,0.0,0.0,0.0,0.0,0.0,0.0,0.0,0.0,0.0,0.0
Net Income,20139000.0,15662000.0,14377000.0,15788000.0,13462000.0,10037000.0,6876000.0,4647000.0,4566000.0,4381000.0
Preferred Dividends,0.0,0.0,0.0,0.0,0.0,0.0,0.0,0.0,0.0,0.0
Net Income Com,20139000.0,15662000.0,14377000.0,15788000.0,13462000.0,10037000.0,6876000.0,4647000.0,4566000.0,4381000.0
EPS,2.0,1.55,1.42,1.56,1.33,0.99,0.68,0.46,0.45,0.43
EPS Diluted,2.0,1.55,1.42,1.56,1.33,0.99,0.68,0.46,0.45,0.43
Weighted Average Shs Out,10092000.0,10092000.0,10092.0,10092.0,10092.0,10092.0,10092.0,10092000.0,10091822.0,10091822.0
Weighted Average Shs Out (Dil),10092000.0,10092000.0,10092.0,10092.0,10092.0,10092.0,10092.0,10092000.0,10092000.0,10092000.0
Dividend per Share,0.968588981371,0.219976218787,849.980182323,489.992072929,14.367816092,424.990091161,1000.0,0.0,0.0,2.0
Gross Margin,0.610231458828,0.606744663504,0.615453317881,0.612641780484,0.587028714254,0.543204273748,0.514402649338,0.511449818242,0.5184,0.5128
EBITDA Margin,0.24843739902,0.242821638719,0.237700821895,0.25689873282,0.247961135428,0.202212079562,0.177065108723,0.135810898086,0.158,0.159
EBIT Margin,0.243424150379,0.237890352557,0.23282049101,0.25196723772,0.242258181861,0.195119421177,0.167879905024,0.12379827653,0.1442,0.1445
Profit Margin,0.1859333598,0.153852198941,0.152863871729,0.169257488368,0.157969466903,0.130144446461,0.107410647338,0.0857490819848,0.097,0.099
Free Cash Flow margin,0.176654695189,0.146907140542,0.154437486045,0.135401702438,0.171616658257,0.154326910609,0.111972006998,0.028656837599,0.0985,0.1791
EBITDA,26909000.0,24719000.0,22356000.0,23963000.0,21131000.0,15595000.0,11335000.0,7360000.0,7397000.0,7002000.0
EBIT,26366000.0,24217000.0,21897000.0,23503000.0,20645000.0,15048000.0,10747000.0,6709000.0,6760000.0,6379000.0
Consolidated Income,20139000.0,15662000.0,14377000.0,15788000.0,13462000.0,10037000.0,6876000.0,4647000.0,4549000.0,4378000.0
Earnings Before Tax Margin,0.246766316139,0.238666391615,0.228822660046,0.252621196852,0.241718396132,0.194276600711,0.169723194201,0.124388758696,0.1437,0.1485
Net Profit Margin,0.1859333598,0.153852198941,0.152863871729,0.169257488368,0.157969466903,0.130144446461,0.107410647338,0.0857490819848,0.0974,0.0993
