Date,2018-12-31,2017-12-31,2016-12-31,2015-12-31,2014-12-31,2013-12-31,2012-12-31,2011-12-31,2010-12-31,2009-12-31
Revenue,247414000.0,335629000.0,198886000.0,191046000.0,191031000.0,146639000.0,83244000.0,61288678.0,30545000.0,15786617.0
Revenue Growth,-0.262834856344356,0.687544623553191,0.0410372371051998,0.0000785212871209385,0.302729833127613,0.761556388448417,0.358228023779531,1.00650443607792,0.93486672920487,0.4254
Cost of Revenue,53541000.0,54698000.0,26288000.0,62997000.0,41315000.0,28889000.0,4528000.0,3730840.0,1764000.0,769601.0
Gross Profit,193873000.0,280931000.0,172598000.0,128049000.0,149716000.0,117750000.0,78716000.0,57557838.0,28781000.0,15017016.0
R&D Expenses,53717000.0,49144000.0,42744000.0,44641000.0,41154000.0,34215000.0,30032000.0,24129233.0,21695000.0,21122156.0
SG&A Expense,46999000.0,46808000.0,32876000.0,29046000.0,28135000.0,24745000.0,19550000.0,18939916.0,13041000.0,10921859.0
Operating Expenses,137138000.0,134684000.0,104185000.0,158770000.0,132411000.0,108395000.0,69568000.0,55601941.0,39007000.0,35283810.0
Operating Income,56735000.0,146247000.0,68413000.0,32276000.0,58620000.0,38244000.0,13676000.0,5686737.0,-10226000.0,-20266794.0
Interest Expense,0.0,0.0,0.0,54000.0,70000.0,47000.0,48000.0,49575.0,27000.0,7019.0
Earnings before Tax,64311000.0,149537000.0,68598000.0,33059000.0,59327000.0,57258000.0,20069000.0,2441100.0,-20051000.0,-20635235.0
Income Tax Expense,5471000.0,45652000.0,20528000.0,18381000.0,17473000.0,-35044000.0,5208000.0,-714053.0,-134000.0,-129915.0
Net Income - Non-Controlling int,0.0,0.0,0.0,0.0,0.0,0.0,0.0,0.0,0.0,0.0
Net Income - Discontinued ops,0.0,0.0,0.0,0.0,0.0,0.0,0.0,0.0,0.0,0.0
Net Income,58840000.0,103885000.0,48070000.0,14678000.0,41854000.0,74052000.0,9660000.0,3155153.0,-19917000.0,-20505320.0
Preferred Dividends,0.0,0.0,0.0,0.0,0.0,0.0,0.0,0.0,0.0,0.0
Net Income Com,58840000.0,103885000.0,48070000.0,14678000.0,41854000.0,74052000.0,9660000.0,3155153.0,-19917000.0,-20505320.0
EPS,1.24,2.19,1.02,0.31,0.9,1.61,0.21,0.07,-0.53,-0.56
EPS Diluted,1.24,2.18,1.02,0.31,0.9,1.59,0.21,0.07,-0.53,-0.56
Weighted Average Shs Out,46849588.0,46725289.0,46408460.0,46816394.0,46252960.0,45898019.0,45951276.0,43737968.0,38522792.0,36755846.0
Weighted Average Shs Out (Dil),46896766.0,46805194.0,46535980.0,47494188.0,46685145.0,46543605.0,46883602.0,45140394.0,37567374.0,36479331.0
Dividend per Share,0.24125330945,0.120755828936,0.0,0.0,0.0,0.0,0.0,0.0,0.0,0.0
Gross Margin,0.78359753288,0.837028385509,0.867823778446,0.670252190572,0.783726201507,0.802992382654,0.945605689299,0.939126766611,0.9422,0.9512
EBITDA Margin,0.60660674012,0.507339949766,0.439171183492,0.239020968772,0.372520690359,0.346449443872,0.23719427226,0.104622292555,-0.559,-1.068
EBIT Margin,0.229312003363,0.435740058219,0.343980974025,0.168943605205,0.306861190069,0.260803742524,0.164288116861,0.0927860933793,-0.6556,-1.3067
Profit Margin,0.237820010185,0.309523312944,0.241696248102,0.07682966406,0.219095330077,0.50499526047,0.116044399596,0.0514801934543,-0.652,-1.299
Free Cash Flow margin,0.38965054524,0.308560940801,0.367235501745,0.567973158297,0.215237317503,0.274667721411,0.180397385998,0.224926290627,-0.1496,-0.9419
EBITDA,150083000.0,170278000.0,87345000.0,45664000.0,71163000.0,50803000.0,19745000.0,6412162.0,-17083000.0,-16863518.0
EBIT,56735000.0,146247000.0,68413000.0,32276000.0,58620000.0,38244000.0,13676000.0,5686737.0,-20024000.0,-20628216.0
Consolidated Income,58840000.0,103885000.0,48070000.0,14678000.0,41854000.0,74052000.0,9660000.0,3155153.0,-19917000.0,-20505320.0
Earnings Before Tax Margin,0.259932744307,0.445542548469,0.344911155134,0.173042094574,0.310562160068,0.390469111219,0.241086444669,0.0398295424156,-0.6564,-1.3071
Net Profit Margin,0.237820010185,0.309523312944,0.241696248102,0.07682966406,0.219095330077,0.50499526047,0.116044399596,0.0514801934543,-0.6521,-1.2989
