Date,2018-12-31,2017-12-31,2016-12-31,2015-12-31,2014-12-31,2013-12-31,2012-12-31,2011-12-31,2010-12-31,2009-12-31
Revenue,6946100000.0,6268400000.0,5550600000.0,2854400000.0,2241200000.0,2515000000.0,2184700000.0,1961100000.0,1585900000.0,1531500000.0
Revenue Growth,0.108113713228256,0.129319352862754,0.944576793721973,0.273603426735677,-0.108866799204771,0.151187806106102,0.114017643159451,0.236584904470648,0.035520731309174,-0.132
Cost of Revenue,5822100000.0,5539600000.0,4923700000.0,2486800000.0,1853200000.0,2033700000.0,1748000000.0,1573900000.0,1349900000.0,1222700000.0
Gross Profit,1124000000.0,728800000.0,626900000.0,367600000.0,388000000.0,481300000.0,436700000.0,387200000.0,236000000.0,308800000.0
R&D Expenses,0.0,0.0,0.0,0.0,0.0,0.0,0.0,0.0,0.0,0.0
SG&A Expense,430600000.0,350700000.0,323200000.0,186500000.0,170400000.0,190000000.0,168600000.0,161400000.0,134400000.0,135300000.0
Operating Expenses,430600000.0,350700000.0,323200000.0,186500000.0,170400000.0,190000000.0,168600000.0,161400000.0,134400000.0,126200000.0
Operating Income,676900000.0,331000000.0,152600000.0,100700000.0,203400000.0,286500000.0,258900000.0,223900000.0,69900000.0,182600000.0
Interest Expense,243200000.0,217400000.0,191900000.0,97000000.0,43800000.0,38600000.0,26400000.0,30400000.0,25400000.0,11600000.0
Earnings before Tax,437300000.0,117200000.0,-34200000.0,6700000.0,162700000.0,250000000.0,225200000.0,379400000.0,0.0,209900000.0
Income Tax Expense,109400000.0,-432300000.0,-30300000.0,8100000.0,57700000.0,71400000.0,75600000.0,137700000.0,12100000.0,74200000.0
Net Income - Non-Controlling int,0.0,0.0,0.0,0.0,0.0,0.0,0.0,0.0,0.0,0.0
Net Income - Discontinued ops,0.0,0.0,0.0,0.0,0.0,0.0,0.0,0.0,0.0,0.0
Net Income,327900000.0,549500000.0,-3900000.0,-1400000.0,105700000.0,178600000.0,149600000.0,241700000.0,64800000.0,135700000.0
Preferred Dividends,0.0,0.0,0.0,0.0,0.0,0.0,0.0,0.0,0.0,0.0
Net Income Com,327900000.0,549500000.0,-3900000.0,-1400000.0,105700000.0,178600000.0,149600000.0,241700000.0,64800000.0,135700000.0
EPS,1.97,3.31,-0.02,-0.01,1.34,2.24,1.87,3.02,0.82,1.74
EPS Diluted,1.95,3.26,-0.02,-0.01,1.33,2.21,1.85,2.99,0.81,1.73
Weighted Average Shs Out,166800000.0,166200000.0,165200000.0,103400000.0,78600000.0,79900000.0,80100000.0,80000000.0,79.2,78534446.0
Weighted Average Shs Out (Dil),168400000.0,168500000.0,165200000.0,103400000.0,79700000.0,80900000.0,81000000.0,80800000.0,79.9,78100000.0
Dividend per Share,0.793349168646,0.789317507418,0.799636803874,0.768858800774,0.790464240903,0.791100123609,0.791358024691,0.792079207921,792240.300375,0.8
Gross Margin,0.161817422726,0.116265713739,0.112942744928,0.128783632287,0.173121542031,0.191371769384,0.1998901451,0.197440212126,0.148811400467,0.2016
EBITDA Margin,0.184031326932,0.141966051943,0.123608258567,0.115470852018,0.152819917901,0.167713717694,0.169268091729,0.16480546632,0.0988713033609,0.191
EBIT Margin,0.0974503678323,0.0528045434242,0.0274925233308,0.035278867713,0.0907549527039,0.113916500994,0.11850597336,0.11417061853,0.0440759190365,0.1446
Profit Margin,0.0472063460071,0.0876619232978,-0.000702626743055,-0.000490470852018,0.0471622345172,0.071013916501,0.0684762209914,0.123247157208,0.0408600794502,0.089
Free Cash Flow margin,0.0752364636271,0.0565535064769,0.0585882607286,0.0301989910314,0.0389969659111,0.0899403578529,0.0107566256237,0.00764876854826,0.0190428148055,0.0462
EBITDA,1278300000.0,889900000.0,686100000.0,329600000.0,342500000.0,421800000.0,369800000.0,323200000.0,156800000.0,293200000.0
EBIT,676900000.0,331000000.0,152600000.0,100700000.0,203400000.0,286500000.0,258900000.0,223900000.0,69900000.0,221500000.0
Consolidated Income,327900000.0,549500000.0,-3900000.0,-1400000.0,105700000.0,178600000.0,149600000.0,241700000.0,64800000.0,135700000.0
Earnings Before Tax Margin,0.062956191244,0.0186969561611,-0.00616149605448,0.00234725336323,0.0725950383723,0.0994035785288,0.103080514487,0.193462852481,0.0,0.1371
Net Profit Margin,0.0472063460071,0.0876619232978,-0.000702626743055,-0.000490470852018,0.0471622345172,0.071013916501,0.0684762209914,0.123247157208,0.0408600794502,0.0886
