Date,2018-12-31,2017-12-31,2016-12-31,2015-12-31,2014-12-31,2013-12-31,2012-12-31,2011-12-31,2010-12-31,2009-12-31
Revenue,79126000.0,407000.0,435000.0,108000.0,29000.0,97000.0,241000.0,45240000.0,37630000.0,39350000.0
Revenue Growth,193.412776412776,-0.064367816091954,3.02777777777778,2.72413793103448,-0.701030927835051,-0.597510373443983,-0.994672855879752,0.202232261493489,-0.043710292249047,0.11
Cost of Revenue,11288000.0,10736000.0,8931000.0,6047000.0,4407000.0,3213000.0,2622000.0,2604000.0,2183000.0,1524000.0
Gross Profit,67838000.0,-10329000.0,-8496000.0,-5939000.0,-4378000.0,-3116000.0,-2381000.0,42636000.0,35447000.0,37826000.0
R&D Expenses,0.0,0.0,0.0,0.0,0.0,0.0,0.0,0.0,0.0,0.0
SG&A Expense,11937000.0,11279000.0,10693000.0,9527000.0,8796000.0,7801000.0,7317000.0,7017000.0,6148000.0,5931000.0
Operating Expenses,48058000.0,43950000.0,38895000.0,33058000.0,30233000.0,24417000.0,21233000.0,19741000.0,15152000.0,14251000.0
Operating Income,36330000.0,31966000.0,31693000.0,32653000.0,30244000.0,26562000.0,23517000.0,25499000.0,20295000.0,23575000.0
Interest Expense,17862000.0,17810000.0,17258000.0,16027000.0,16305000.0,13716000.0,12813000.0,13675000.0,13492000.0,13385000.0
Earnings before Tax,23302000.0,25890000.0,24481000.0,21907000.0,22197000.0,17409000.0,11856000.0,12857000.0,9499000.0,19641000.0
Income Tax Expense,0.0,0.0,0.0,0.0,0.0,0.0,0.0,0.0,193000.0,0.0
Net Income - Non-Controlling int,0.0,0.0,0.0,0.0,0.0,0.0,0.0,0.0,0.0,0.0
Net Income - Discontinued ops,0.0,0.0,0.0,0.0,0.0,0.0,0.0,0.0,-1868000.0,-8307000.0
Net Income,20665000.0,24147000.0,24422000.0,20517000.0,22116000.0,17875000.0,32320000.0,13724000.0,9306000.0,19641000.0
Preferred Dividends,0.0,0.0,0.0,0.0,0.0,0.0,0.0,0.0,0.0,0.0
Net Income Com,20665000.0,24147000.0,24422000.0,20517000.0,22116000.0,17875000.0,32320000.0,13724000.0,9306000.0,19641000.0
EPS,1.05,1.29,1.4,1.23,1.37,1.15,2.18,0.96,0.81,1.84
EPS Diluted,1.05,1.28,1.39,1.22,1.37,1.14,2.16,0.96,0.81,1.82
Weighted Average Shs Out,18575000.0,17944000.0,16768000.0,15971000.0,15563000.0,14948000.0,14427000.0,13801000.0,11533381.0,11170073.0
Weighted Average Shs Out (Dil),18588000.0,18047000.0,16882000.0,16079000.0,15663000.0,15048000.0,14527000.0,13851000.0,11465000.0,10651000.0
Dividend per Share,1.85178609856,1.75674627362,1.67219523753,1.59207662168,1.5067994637,1.42510632642,1.34074481999,1.30604288499,1.23,0.88
Gross Margin,0.8573414554,-25.3783783784,-19.5310344828,-54.9907407407,-150.965517241,-32.1237113402,-9.87966804979,0.942440318302,0.942,0.9613
EBITDA Margin,0.893536890529,156.164619165,136.062068966,528.981481481,1837.0,475.711340206,165.219917012,0.941755083996,0.841,1.07
EBIT Margin,0.4591411167,78.5405405405,72.8574712644,302.342592593,1042.89655172,273.835051546,97.5809128631,0.563638373121,0.611,0.8393
Profit Margin,0.261165735662,59.3292383292,56.1425287356,189.972222222,762.620689655,184.278350515,134.107883817,0.303359858532,0.247,0.499
Free Cash Flow margin,0.538963172661,109.476658477,72.1954022989,314.037037037,1096.65517241,277.701030928,92.5892116183,0.481918656057,0.4712,0.5366
EBITDA,70702000.0,63559000.0,59187000.0,57130000.0,53273000.0,46144000.0,39818000.0,42605000.0,31650000.0,42092000.0
EBIT,36330000.0,31966000.0,31693000.0,32653000.0,30244000.0,26562000.0,23517000.0,25499000.0,22991000.0,33026000.0
Consolidated Income,20665000.0,24147000.0,24422000.0,20517000.0,22116000.0,17875000.0,32320000.0,13724000.0,9306000.0,19641000.0
Earnings Before Tax Margin,0.294492328691,63.6117936118,56.2781609195,202.842592593,765.413793103,179.474226804,49.1950207469,0.284195402299,0.2524,0.4991
Net Profit Margin,0.261165735662,59.3292383292,56.1425287356,189.972222222,762.620689655,184.278350515,134.107883817,0.303359858532,0.2473,0.4991
