Date,2018-12-31,2017-12-31,2016-12-31,2015-12-31,2014-12-31,2013-12-31,2012-12-31,2011-12-31,2010-12-31,2009-12-31
Revenue,107180000.0,102638000.0,200954000.0,69666000.0,48100000.0,118491000.0,55070000.0,21061000.0,0.0,331579000.0
Revenue Growth,0.0442526159901791,-0.489246295172029,1.88453478023713,0.448357588357588,-0.594061996269759,1.15164336299255,1.61478562271497,0.0,-1,-0.0759
Cost of Revenue,0.0,0.0,0.0,0.0,0.0,0.0,0.0,0.0,0.0,0.0
Gross Profit,0.0,0.0,0.0,0.0,0.0,0.0,0.0,0.0,0.0,331579000.0
R&D Expenses,0.0,0.0,0.0,0.0,0.0,0.0,0.0,0.0,0.0,0.0
SG&A Expense,281275000.0,246738000.0,252892000.0,243875000.0,219301000.0,202435000.0,193874000.0,189539000.0,170601000.0,284366000.0
Operating Expenses,295675000.0,258579000.0,265378000.0,255621000.0,228421000.0,210597000.0,201815000.0,198368000.0,176731000.0,335015000.0
Operating Income,208680000.0,168664000.0,200426000.0,116716000.0,103667000.0,100920000.0,127785000.0,99762000.0,43480000.0,-3436000.0
Interest Expense,94443000.0,58168000.0,44431000.0,33073000.0,23359000.0,24386000.0,35942000.0,53720000.0,0.0,0.0
Earnings before Tax,208680000.0,168664000.0,200426000.0,0.0,9730000.0,3341000.0,127785000.0,99762000.0,43480000.0,-7377000.0
Income Tax Expense,17850000.0,72939000.0,66162000.0,46177000.0,38297000.0,41597000.0,36110000.0,27302000.0,5266000.0,-21114000.0
Net Income - Non-Controlling int,0.0,0.0,0.0,0.0,0.0,0.0,0.0,0.0,0.0,0.0
Net Income - Discontinued ops,0.0,0.0,0.0,0.0,0.0,0.0,0.0,0.0,0.0,0.0
Net Income,190830000.0,95725000.0,134264000.0,116716000.0,103667000.0,100920000.0,91675000.0,72460000.0,38214000.0,13737000.0
Preferred Dividends,0.0,0.0,0.0,0.0,0.0,0.0,0.0,0.0,0.0,3892000.0
Net Income Com,190830000.0,95725000.0,134264000.0,116716000.0,103667000.0,100920000.0,91675000.0,72460000.0,38214000.0,9845000.0
EPS,1.23,0.69,1.05,1.01,0.96,1.0,0.95,0.76,0.44,0.14
EPS Diluted,1.22,0.69,1.05,1.0,0.95,1.0,0.95,0.76,0.44,0.14
Weighted Average Shs Out,155675000.0,137821000.0,127705000.0,115726000.0,107818000.0,100712000.0,96440000.0,94467000.0,86785000.0,87173000.0
Weighted Average Shs Out (Dil),156539000.0,138513000.0,128301000.0,116255000.0,108365000.0,101198000.0,96833000.0,94772000.0,86928000.0,71314000.0
Dividend per Share,0.524859619647,0.524167406669,0.526387167676,0.477846114146,0.444617727126,0.398011818415,0.357904846488,0.279755624024,0.280243419842,0.44
Gross Margin,0.0,0.0,0.0,0.0,0.0,0.0,0.0,0.0,0.0,1.0
EBITDA Margin,2.3034148162,1.97478516729,1.14190312211,2.04637843424,2.60193347193,1.01534293744,2.41903032504,5.03917192916,0.0,0.024
EBIT Margin,1.94700503825,1.64329000955,0.997372533018,1.6753653145,2.15523908524,0.851710256475,2.32041038678,4.73681211718,0.0,-0.0222
Profit Margin,1.78046277291,0.932646777996,0.668133005563,1.6753653145,2.15523908524,0.851710256475,1.6646994734,3.44048240824,0.0,0.03
Free Cash Flow margin,1.87549916029,2.46844248719,-0.709654945908,0.564392960698,3.72654885655,1.23886202328,1.73557290721,6.27985375813,0.0,0.1134
EBITDA,246880000.0,202688000.0,229470000.0,142563000.0,125153000.0,120309000.0,133216000.0,106130000.0,51009000.0,7984000.0
EBIT,208680000.0,168664000.0,200426000.0,116716000.0,103667000.0,100920000.0,127785000.0,99762000.0,43480000.0,-7377000.0
Consolidated Income,190830000.0,95725000.0,134264000.0,116716000.0,103667000.0,100920000.0,91675000.0,72460000.0,38214000.0,13737000.0
Earnings Before Tax Margin,1.94700503825,1.64329000955,0.997372533018,0.0,0.202286902287,0.0281962343132,2.32041038678,4.73681211718,0.0,-0.0222
Net Profit Margin,1.78046277291,0.932646777996,0.668133005563,1.6753653145,2.15523908524,0.851710256475,1.6646994734,3.44048240824,0.0,0.0414
