Date,2018-12-31,2017-12-31,2016-12-31,2015-12-31,2014-12-31,2013-12-31,2012-12-31,2011-12-31,2010-12-31,2009-12-31
Revenue,9536428000.0,8977726000.0,8593096000.0,7966674000.0,7216081000.0,6649237000.0,6182184000.0,5788816000.0,5397525000.0,4847062000.0
Revenue Growth,0.0622320173282188,0.0447603517986998,0.0786303041896781,0.104016709346805,0.0852494805043045,0.0755482204994222,0.0679531012904884,0.0724945229526496,0.113566321206537,0.3552
Cost of Revenue,4496462000.0,4257043000.0,4084085000.0,3804031000.0,3507180000.0,3280236000.0,3084766000.0,2951467000.0,2776533000.0,2520534000.0
Gross Profit,5039966000.0,4720683000.0,4509011000.0,4162643000.0,3708901000.0,3369001000.0,3097418000.0,2837349000.0,2620992000.0,2326528000.0
R&D Expenses,0.0,0.0,0.0,0.0,0.0,0.0,0.0,0.0,0.0,0.0
SG&A Expense,3224782000.0,2995283000.0,2809805000.0,2648622000.0,2438527000.0,2265516000.0,2120025000.0,1973381000.0,1887316000.0,1788909000.0
Operating Expenses,3224782000.0,2995283000.0,2809805000.0,2648622000.0,2438527000.0,2265516000.0,2120025000.0,1973381000.0,1887316000.0,1788909000.0
Operating Income,1815184000.0,1725400000.0,1699206000.0,1514021000.0,1270374000.0,1103485000.0,977393000.0,866766000.0,712776000.0,537619000.0
Interest Expense,0.0,0.0,0.0,0.0,0.0,0.0,0.0,0.0,0.0,45176000.0
Earnings before Tax,1694087000.0,1637804000.0,1637191000.0,1460366000.0,1222182000.0,0.0,941521000.0,815773000.0,689373000.0,496898000.0
Income Tax Expense,369600000.0,504000000.0,599500000.0,529150000.0,444000000.0,388650000.0,355775000.0,308100000.0,270000000.0,189400000.0
Net Income - Non-Controlling int,0.0,0.0,0.0,0.0,0.0,0.0,0.0,0.0,0.0,0.0
Net Income - Discontinued ops,0.0,0.0,0.0,0.0,0.0,0.0,0.0,0.0,0.0,0.0
Net Income,1324487000.0,1133804000.0,1037691000.0,931216000.0,778182000.0,670292000.0,585746000.0,507673000.0,419373000.0,307498000.0
Preferred Dividends,0.0,0.0,0.0,0.0,0.0,0.0,0.0,0.0,0.0,0.0
Net Income Com,1324487000.0,1133804000.0,1037691000.0,931216000.0,778182000.0,670292000.0,585746000.0,507673000.0,419373000.0,307498000.0
EPS,16.27,12.82,10.87,9.32,7.46,6.14,4.83,3.77,3.02,2.26
EPS Diluted,16.1,12.67,10.73,9.17,7.34,6.03,4.75,3.71,2.95,2.23
Weighted Average Shs Out,81406000.0,88426000.0,95447000.0,99965000.0,104262000.0,109244000.0,121182000.0,134667000.0,138654000.0,137191327.0
Weighted Average Shs Out (Dil),82280000.0,89502000.0,96720000.0,101514000.0,106041000.0,111101000.0,123314000.0,136983000.0,141992000.0,136230000.0
Dividend per Share,0.0,0.0,0.0,0.0,0.0,0.0,0.0,0.0,0.0,0.0
Gross Margin,0.528496204239,0.525821683576,0.524724848879,0.522507008571,0.513977185123,0.506674825999,0.501023262976,0.490143234817,0.485591451638,0.48
EBITDA Margin,0.217858405684,0.218553785224,0.223379675963,0.216700595506,0.203249520065,0.193814568499,0.187035358378,0.17869681814,0.163683169601,0.142
EBIT Margin,0.190342128101,0.192186751968,0.197740837528,0.190044302051,0.176047635829,0.165956635325,0.158098335475,0.14973113673,0.132056081259,0.1118
Profit Margin,0.138887117902,0.126290777865,0.120758688138,0.11688893006,0.107839975743,0.100807355791,0.0947474225937,0.0876989353263,0.077697277919,0.063
Free Cash Flow margin,0.128275178086,0.104452619739,0.113791699755,0.108885590147,0.105381716197,0.0770231231042,0.153802604387,0.136586134367,0.062670946406,-0.0258
EBITDA,2077591000.0,1962116000.0,1919523000.0,1726383000.0,1466665000.0,1288719000.0,1156287000.0,1034443000.0,883484000.0,690253000.0
EBIT,1815184000.0,1725400000.0,1699206000.0,1514021000.0,1270374000.0,1103485000.0,977393000.0,866766000.0,712776000.0,542074000.0
Consolidated Income,1324487000.0,1133804000.0,1037691000.0,931216000.0,778182000.0,670292000.0,585746000.0,507673000.0,419373000.0,307498000.0
Earnings Before Tax Margin,0.177643767666,0.182429715498,0.190523997404,0.183309371012,0.169369218555,0.0,0.152295855316,0.140922254223,0.127720205094,0.1025
Net Profit Margin,0.138887117902,0.126290777865,0.120758688138,0.11688893006,0.107839975743,0.100807355791,0.0947474225937,0.0876989353263,0.077697277919,0.0634
