Date,2019-09-30,2018-09-30,2017-09-30,2016-09-30,2015-09-30,2014-09-30,2013-09-30,2012-09-30,2011-09-30,2010-09-30,2009-09-30
Revenue,8382000000.0,7705500000.0,6829600000.0,6279200000.0,6098100000.0,6808200000.0,7665100000.0,8180900000.0,7584700000.0,9842400000.0,5253100000.0
Revenue Growth,0.0877944325481799,0.128250556401546,0.0876544782774876,0.029697774716715,-0.104300696219265,-0.111792409753297,-0.0630492977545258,0.0786056139333131,-0.229385109322929,0.873636519388551,-0.2362
Cost of Revenue,6864600000.0,6349800000.0,5655200000.0,5223400000.0,5058900000.0,5625500000.0,6473300000.0,7189900000.0,6505000000.0,7872400000.0,4549800000.0
Gross Profit,1517400000.0,1355700000.0,1174400000.0,1055800000.0,1039200000.0,1182700000.0,1191800000.0,991000000.0,1079700000.0,1970000000.0,703300000.0
R&D Expenses,99000000.0,99300000.0,98000000.0,103100000.0,147900000.0,142000000.0,112900000.0,109100000.0,142000000.0,0.0,0.0
SG&A Expense,683500000.0,663900000.0,665600000.0,612400000.0,587400000.0,624100000.0,620500000.0,567300000.0,513200000.0,489800000.0,430300000.0
Operating Expenses,782500000.0,763200000.0,763600000.0,715500000.0,735300000.0,766100000.0,733400000.0,676400000.0,655200000.0,575900000.0,1682800000.0
Operating Income,797000000.0,653500000.0,463000000.0,364000000.0,398600000.0,503300000.0,505700000.0,366000000.0,500900000.0,1394100000.0,-979500000.0
Interest Expense,0.0,0.0,0.0,0.0,0.0,0.0,0.0,0.0,0.0,0.0,211400000.0
Earnings before Tax,750700000.0,594600000.0,411300000.0,307000000.0,326100000.0,309300000.0,316300000.0,286700000.0,416500000.0,1211500000.0,-1111400000.0
Income Tax Expense,171300000.0,123800000.0,127200000.0,92400000.0,99200000.0,125000000.0,131700000.0,57400000.0,143600000.0,414300000.0,-12600000.0
Net Income - Non-Controlling int,0.0,0.0,0.0,0.0,0.0,0.0,0.0,0.0,0.0,0.0,-900000.0
Net Income - Discontinued ops,0.0,0.0,0.0,0.0,0.0,0.0,0.0,0.0,0.0,0.0,-67300000.0
Net Income,579400000.0,471900000.0,285600000.0,216400000.0,229500000.0,309300000.0,318000000.0,230800000.0,273400000.0,790000000.0,-1098800000.0
Preferred Dividends,0.0,0.0,0.0,0.0,0.0,0.0,0.0,0.0,0.0,0.0,0.0
Net Income Com,579400000.0,471900000.0,285600000.0,216400000.0,229500000.0,309300000.0,318000000.0,230800000.0,273400000.0,790000000.0,-1098800000.0
EPS,8.21,6.38,3.82,2.94,2.94,3.66,3.6,2.52,3.01,8.78,-14.37
EPS Diluted,8.21,6.29,3.77,2.91,2.9,3.61,3.55,2.51,2.99,8.69,-14.37
Weighted Average Shs Out,69819980.0,74001582.0,74674115.0,73570020.0,77990432.0,84123949.0,87726891.0,91330635.0,90888253.0,0.0,74444295.0
Weighted Average Shs Out (Dil),70558235.0,74981999.0,75790045.0,74432918.0,78981418.0,85457635.0,88953548.0,91893143.0,91573360.0,0.0,74444295.0
Dividend per Share,1.07003810399,0.949561240692,0.828604864927,0.751011803675,0.672310036267,0.593276422873,0.0,0.0,0.0,0.0,0.2
Gross Margin,0.181030780243,0.175939264162,0.171957362071,0.168142438527,0.170413735426,0.173716988338,0.15548394672,0.121135816353,0.142352367266,0.200154433878,0.1339
EBITDA Margin,0.108828441899,0.100447732139,0.0868718519386,0.0784813352019,0.0857808169758,0.0925501601011,0.0825168621414,0.0607390384921,0.0850791725447,0.159209135983,-0.142
EBIT Margin,0.0950847053209,0.084809551619,0.067793135762,0.0579691680469,0.0653646217674,0.0739255603537,0.0659743512805,0.0447383539708,0.0660408453861,0.14164228237,-0.1713
Profit Margin,0.0691243140062,0.0612419700214,0.0418179688415,0.0344629889158,0.0376346730949,0.045430510267,0.0414867385944,0.0282120549084,0.0360462510053,0.0802649760221,-0.209
Free Cash Flow margin,0.0501908852303,0.0442541042113,0.0235299285463,0.077270989935,-0.00806808678113,0.0114861490556,0.0511408853113,0.0259629136159,0.0402652708743,0.0545090628302,0.1613
EBITDA,912200000.0,774000000.0,593300000.0,492800000.0,523100000.0,630100000.0,632500000.0,496900000.0,645300000.0,1567000000.0,-748000000.0
EBIT,797000000.0,653500000.0,463000000.0,364000000.0,398600000.0,503300000.0,505700000.0,366000000.0,500900000.0,1394100000.0,-900000000.0
Consolidated Income,579400000.0,471900000.0,285600000.0,216400000.0,229500000.0,309300000.0,318000000.0,230800000.0,273400000.0,790000000.0,-1099700000.0
Earnings Before Tax Margin,0.0895609639704,0.0771656608916,0.0602231463043,0.048891578545,0.0534756727505,0.045430510267,0.0412649541428,0.0350450439438,0.0549131804818,0.123089896773,-0.2116
Net Profit Margin,0.0691243140062,0.0612419700214,0.0418179688415,0.0344629889158,0.0376346730949,0.045430510267,0.0414867385944,0.0282120549084,0.0360462510053,0.0802649760221,-0.2092
