Date,2018-12-31,2017-12-31,2016-12-31,2015-12-31,2014-12-31,2013-12-31,2012-12-31,2011-12-31,2010-12-31,2009-12-31
Revenue,181743000.0,167064000.0,128198000.0,119719000.0,106464000.0,98940000.0,87820000.0,81881298.0,75015000.0,77026226.0
Revenue Growth,0.0878645309581957,0.303171656344093,0.0708241799547273,0.124502179140367,0.0760460885385082,0.12662263721248,0.0725281858624176,0.0915323335332933,-0.0261109248686285,0.0833
Cost of Revenue,68130000.0,68108000.0,40171000.0,39426000.0,39840000.0,40351000.0,32249000.0,30163646.0,27655000.0,29895832.0
Gross Profit,113613000.0,98956000.0,88027000.0,80293000.0,66624000.0,58589000.0,55571000.0,51717652.0,47360000.0,47130394.0
R&D Expenses,16250000.0,13365000.0,9754000.0,11654000.0,12058000.0,10932000.0,12445000.0,18406619.0,13192000.0,13371358.0
SG&A Expense,68934000.0,57853000.0,58008000.0,60581000.0,64868000.0,68119000.0,59396000.0,42708512.0,37522000.0,38072045.0
Operating Expenses,85184000.0,71218000.0,67762000.0,72235000.0,76926000.0,79051000.0,71841000.0,61115131.0,50714000.0,55922961.0
Operating Income,28429000.0,40238000.0,20265000.0,8058000.0,-4802000.0,-12162000.0,-16270000.0,-9397479.0,-3354000.0,-8792567.0
Interest Expense,0.0,0.0,0.0,0.0,0.0,0.0,172000.0,316313.0,316000.0,361188.0
Earnings before Tax,31716000.0,41032000.0,20323000.0,8832000.0,-4271000.0,-11962000.0,-16512000.0,-9709569.0,-3497000.0,-8435417.0
Income Tax Expense,11320000.0,10084000.0,603000.0,665000.0,343000.0,-772000.0,-1397000.0,-868950.0,0.0,-622284.0
Net Income - Non-Controlling int,0.0,0.0,0.0,0.0,0.0,0.0,0.0,0.0,0.0,0.0
Net Income - Discontinued ops,0.0,0.0,0.0,0.0,0.0,0.0,0.0,0.0,0.0,0.0
Net Income,20396000.0,30948000.0,19720000.0,8167000.0,-4614000.0,-11190000.0,-15115000.0,-8840619.0,-3497000.0,-7813133.0
Preferred Dividends,0.0,0.0,0.0,0.0,0.0,0.0,0.0,0.0,0.0,0.0
Net Income Com,20396000.0,30948000.0,19720000.0,8167000.0,-4614000.0,-11190000.0,-15115000.0,-8840619.0,-3497000.0,-7813133.0
EPS,0.33,0.52,0.35,0.14,-0.08,-0.2,-0.29,-0.19,-0.08,-0.17
EPS Diluted,0.33,0.51,0.35,0.14,-0.08,-0.2,-0.29,-0.19,-0.08,-0.17
Weighted Average Shs Out,61112000.0,59050000.0,55615000.0,56397000.0,55949000.0,55555000.0,51457000.0,46908441.0,46220322.0,45918465.0
Weighted Average Shs Out (Dil),62532000.0,61024000.0,56513000.0,56846000.0,55949000.0,55555000.0,51457000.0,46908441.0,46187000.0,45877843.0
Dividend per Share,0.0,0.0,0.0,0.0,0.0,0.0,0.0,0.0,0.0,0.0
Gross Margin,0.625129991251,0.592323899823,0.686648777672,0.670678839616,0.625788999098,0.592166969881,0.632782965156,0.631617393266,0.6313,0.6119
EBITDA Margin,0.196161612827,0.279174448116,0.202070235105,0.114885690659,0.0141362338443,-0.0567010309278,-0.102710088818,-0.0550346185279,-0.002,-0.065
EBIT Margin,0.156424181399,0.24085380453,0.158075789014,0.0673076119914,-0.0451044484521,-0.122922983626,-0.185265315418,-0.114769541147,-0.0424,-0.1048
Profit Margin,0.112224404791,0.185246372648,0.153824552645,0.0682180773311,-0.0433385933273,-0.113098847787,-0.172113413801,-0.107968720769,-0.047,-0.101
Free Cash Flow margin,0.180177503398,0.142574103338,0.143637186228,0.100476950192,0.0424650586114,0.0598645643825,-0.0841721703484,-0.0671570570364,-0.0362,-0.0194
EBITDA,35651000.0,46640000.0,25905000.0,13754000.0,1505000.0,-5610000.0,-9020000.0,-4506306.0,-169000.0,-5024267.0
EBIT,28429000.0,40238000.0,20265000.0,8058000.0,-4802000.0,-12162000.0,-16270000.0,-9397479.0,-3181000.0,-8074229.0
Consolidated Income,20396000.0,30948000.0,19720000.0,8167000.0,-4614000.0,-11190000.0,-15115000.0,-8840619.0,-3497000.0,-7813133.0
Earnings Before Tax Margin,0.174510159951,0.245606474166,0.158528214169,0.0737727511924,-0.0401168470093,-0.120901556499,-0.188020951947,-0.118581034219,-0.0466,-0.1095
Net Profit Margin,0.112224404791,0.185246372648,0.153824552645,0.0682180773311,-0.0433385933273,-0.113098847787,-0.172113413801,-0.107968720769,-0.0466,-0.1014
