Date,2018-12-31,2017-12-31,2016-12-31,2015-12-31,2014-12-31,2013-12-31,2012-12-31,2011-12-31,2010-12-31,2009-12-31
Revenue,2263061000.0,1635653000.0,1221887000.0,920333000.0,735717000.0,594931000.0,437367000.0,307822000.0,278232000.0,212522000.0
Revenue Growth,0.383582581391041,0.338628694797473,0.327657489191412,0.250933443158171,0.23664256863401,0.360255803478543,0.420843864311193,0.106350096322493,0.30919151899568,-0.3464
Cost of Revenue,1847195000.0,1356738000.0,1019418000.0,768054000.0,617214000.0,503908000.0,371623000.0,263514000.0,248594000.0,189643000.0
Gross Profit,415866000.0,278915000.0,202469000.0,152279000.0,118503000.0,91023000.0,65744000.0,44308000.0,29638000.0,22879000.0
R&D Expenses,0.0,0.0,0.0,0.0,0.0,0.0,0.0,0.0,0.0,0.0
SG&A Expense,128242000.0,90736000.0,62183000.0,46417000.0,36362000.0,27979000.0,21637000.0,16603000.0,25534000.0,22380000.0
Operating Expenses,237451000.0,157015000.0,111632000.0,82361000.0,67032000.0,50078000.0,38704000.0,30833000.0,23232000.0,21532000.0
Operating Income,178415000.0,121900000.0,90837000.0,69918000.0,51471000.0,40945000.0,27040000.0,13475000.0,6406000.0,1347000.0
Interest Expense,0.0,0.0,0.0,0.0,0.0,0.0,0.0,0.0,5522000.0,6442000.0
Earnings before Tax,151979000.0,113110000.0,83652000.0,65599000.0,49078000.0,38774000.0,21272000.0,8307000.0,1145000.0,-4426000.0
Income Tax Expense,32147000.0,27392000.0,28075000.0,23380000.0,18404000.0,14734000.0,-6823000.0,-163000.0,-81000.0,95000.0
Net Income - Non-Controlling int,0.0,0.0,0.0,0.0,0.0,0.0,0.0,0.0,0.0,0.0
Net Income - Discontinued ops,0.0,0.0,0.0,0.0,0.0,0.0,0.0,0.0,0.0,-922000.0
Net Income,119832000.0,85718000.0,55577000.0,42219000.0,30674000.0,24040000.0,28095000.0,8470000.0,1226000.0,-4521000.0
Preferred Dividends,0.0,0.0,0.0,0.0,0.0,0.0,0.0,0.0,0.0,0.0
Net Income Com,119832000.0,85718000.0,55577000.0,42219000.0,30674000.0,24040000.0,28095000.0,8470000.0,1226000.0,-4521000.0
EPS,4.99,3.54,3.7,2.76,2.88,2.24,2.66,0.87,0.058,-0.218
EPS Diluted,4.93,3.48,3.64,2.72,2.87,2.23,2.64,0.83,0.053,-0.218
Weighted Average Shs Out,23995000.0,24230000.0,15013000.0,15323000.0,10634000.0,10733000.0,10558000.0,9757000.0,20954675.0,20614925.0
Weighted Average Shs Out (Dil),24317000.0,24643000.0,15264000.0,15503000.0,10693000.0,10786000.0,10637000.0,10156000.0,21039750.0,20695500.0
Dividend per Share,0.0,0.0,0.0,0.0,0.0,0.0,0.0,0.0,0.0,0.0
Gross Margin,0.18376261179,0.170522109518,0.165701902058,0.165460762572,0.161071444591,0.152997574509,0.15031769658,0.143940329151,0.1065,0.1077
EBITDA Margin,0.105764714252,0.0950329929392,0.0942795855918,0.0947298423505,0.0846371634745,0.0818111680178,0.0777402044507,0.0655736107231,0.042,0.034
EBIT Margin,0.0788379102463,0.0745268097818,0.0743415716838,0.0759703281312,0.0699603244182,0.0688231072175,0.0618245089364,0.0437752987116,0.024,0.0095
Profit Margin,0.0529512903099,0.0524059809752,0.0454845660851,0.0458736131379,0.0416926617164,0.0404080473198,0.0642366708051,0.0275159020473,0.004,-0.021
Free Cash Flow margin,0.073142968749,0.0473229957699,0.0668973481181,0.0626642747788,0.0532799976078,0.0231320943101,0.0299565353582,0.0304689073555,0.0537,0.0249
EBITDA,239352000.0,155441000.0,115199000.0,87183000.0,62269000.0,48672000.0,34001000.0,20185000.0,11637000.0,7287000.0
EBIT,178415000.0,121900000.0,90837000.0,69918000.0,51471000.0,40945000.0,27040000.0,13475000.0,6667000.0,2016000.0
Consolidated Income,119832000.0,85718000.0,55577000.0,42219000.0,30674000.0,24040000.0,28095000.0,8470000.0,1226000.0,-4521000.0
Earnings Before Tax Margin,0.0671563868583,0.0691528093061,0.0684613225282,0.0712774615275,0.0667077150589,0.0651739445415,0.0486364997816,0.0269863752428,0.0041,-0.0208
Net Profit Margin,0.0529512903099,0.0524059809752,0.0454845660851,0.0458736131379,0.0416926617164,0.0404080473198,0.0642366708051,0.0275159020473,0.0044,-0.0213
