Date,2018-12-31,2017-12-31,2016-12-31,2015-12-31,2014-12-31,2013-12-31,2012-12-31,2011-12-31,2010-12-31,2009-12-31
Revenue,0.0,0.0,0.0,0.0,0.0,0.0,0.0,0.0,0.0,338423000.0
Revenue Growth,0.0,0.0,0.0,0.0,0.0,0.0,0.0,0.0,-1,0.2523
Cost of Revenue,0.0,0.0,0.0,0.0,0.0,0.0,0.0,0.0,0.0,0.0
Gross Profit,0.0,0.0,0.0,0.0,0.0,0.0,0.0,0.0,0.0,338423000.0
R&D Expenses,4658000.0,4398000.0,4455000.0,4434000.0,4848000.0,0.0,0.0,0.0,0.0,0.0
SG&A Expense,207517000.0,192409000.0,197897000.0,192872000.0,199270000.0,148494000.0,115505000.0,92057000.0,86980000.0,99306000.0
Operating Expenses,212175000.0,196807000.0,202352000.0,197306000.0,204118000.0,148494000.0,115505000.0,92057000.0,95996000.0,169700000.0
Operating Income,403035000.0,406070000.0,408658000.0,430195000.0,297441000.0,221398000.0,251684000.0,213766000.0,191802000.0,168723000.0
Interest Expense,97616000.0,60492000.0,43159000.0,39191000.0,43641000.0,40471000.0,39136000.0,45240000.0,66389000.0,0.0
Earnings before Tax,403035000.0,406070000.0,408658000.0,430195000.0,0.0,0.0,251684000.0,213766000.0,191802000.0,168723000.0
Income Tax Expense,81223000.0,133905000.0,134192000.0,143549000.0,148308000.0,108419000.0,83783000.0,72017000.0,64094000.0,56844000.0
Net Income - Non-Controlling int,0.0,0.0,0.0,0.0,0.0,0.0,0.0,0.0,0.0,0.0
Net Income - Discontinued ops,0.0,0.0,0.0,0.0,0.0,0.0,0.0,0.0,0.0,0.0
Net Income,321812000.0,272165000.0,274466000.0,286646000.0,297441000.0,221398000.0,167901000.0,141749000.0,127708000.0,111879000.0
Preferred Dividends,0.0,0.0,0.0,0.0,0.0,0.0,0.0,0.0,0.0,0.0
Net Income Com,321812000.0,272165000.0,274466000.0,286646000.0,297441000.0,221398000.0,167901000.0,141749000.0,127708000.0,111879000.0
EPS,4.61,3.92,3.94,4.09,4.32,3.66,3.24,3.03,2.74,2.42
EPS Diluted,4.61,3.92,3.94,4.09,4.32,3.65,3.23,3.01,2.73,2.41
Weighted Average Shs Out,69821000.0,69484000.0,69674000.0,70033000.0,68855000.0,60421000.0,51794000.0,46846000.0,0.0,46395329.0
Weighted Average Shs Out (Dil),69821000.0,69484000.0,69680000.0,70049000.0,68911000.0,60578000.0,51941000.0,46846000.0,0.0,46395329.0
Dividend per Share,1.49028229329,1.38000115134,1.23745694604,1.11718939599,0.992352454615,0.89205652217,0.799811324387,0.720274943432,0.0,0.575
Gross Margin,0.0,0.0,0.0,0.0,0.0,0.0,0.0,0.0,0.0,1.0
EBITDA Margin,0.0,0.0,0.0,0.0,0.0,0.0,0.0,0.0,0.0,0.553
EBIT Margin,0.0,0.0,0.0,0.0,0.0,0.0,0.0,0.0,0.0,0.4986
Profit Margin,0.0,0.0,0.0,0.0,0.0,0.0,0.0,0.0,0.0,0.331
Free Cash Flow margin,0.0,0.0,0.0,0.0,0.0,0.0,0.0,0.0,0.0,0.1961
EBITDA,452973000.0,464149000.0,474426000.0,510913000.0,372791000.0,306839000.0,334729000.0,258338000.0,229958000.0,187025000.0
EBIT,403035000.0,406070000.0,408658000.0,430195000.0,297441000.0,221398000.0,251684000.0,213766000.0,191802000.0,168723000.0
Consolidated Income,321812000.0,272165000.0,274466000.0,286646000.0,297441000.0,221398000.0,167901000.0,141749000.0,127708000.0,111879000.0
Earnings Before Tax Margin,0.0,0.0,0.0,0.0,0.0,0.0,0.0,0.0,0.0,0.4986
Net Profit Margin,0.0,0.0,0.0,0.0,0.0,0.0,0.0,0.0,0.0,0.3306
