Date,2018-12-31,2017-12-31,2016-12-31,2015-12-31,2014-12-31,2013-12-31,2012-12-31,2011-12-31,2010-12-31,2009-12-31
Revenue,1548659000.0,921616000.0,382915000.0,595326000.0,856207000.0,411314000.0,356133000.0,395960000.0,343021000.0,230876000.0
Revenue Growth,0.680373387614798,1.40684224958542,-0.356797788102653,-0.304693841559343,1.08163835901525,0.154944922262189,-0.100583392261845,0.154331658994639,0.485736932379286,-0.5967
Cost of Revenue,1277301000.0,972701000.0,597890000.0,568089000.0,431997000.0,256757000.0,361287000.0,219335000.0,131558000.0,119721000.0
Gross Profit,271358000.0,-51085000.0,-214975000.0,27237000.0,424210000.0,154557000.0,-5154000.0,176625000.0,211463000.0,111155000.0
R&D Expenses,6204000.0,47334000.0,4669000.0,1102000.0,947000.0,7039000.0,22605000.0,6253000.0,13675000.0,14069000.0
SG&A Expense,170504000.0,120370000.0,112470000.0,89959000.0,115859000.0,63969000.0,58815000.0,61454000.0,42188000.0,53985000.0
Operating Expenses,193612000.0,187167000.0,117139000.0,91061000.0,200430000.0,144398000.0,156905000.0,136792000.0,171594000.0,199373000.0
Operating Income,77746000.0,-238252000.0,-332114000.0,-63824000.0,223780000.0,10159000.0,-162059000.0,39833000.0,39869000.0,-88218000.0
Interest Expense,70730000.0,78694000.0,61972000.0,47571000.0,47842000.0,51898000.0,48287000.0,36985000.0,33250000.0,37208000.0
Earnings before Tax,7429000.0,-339432000.0,-393123000.0,-106588000.0,177228000.0,-41269000.0,-233621000.0,2895000.0,6866000.0,-124331000.0
Income Tax Expense,5406000.0,-211928000.0,-147195000.0,-38308000.0,69967000.0,-14797000.0,-88835000.0,-183000.0,652000.0,-45054000.0
Net Income - Non-Controlling int,0.0,0.0,0.0,0.0,0.0,0.0,0.0,0.0,-280000.0,-1816000.0
Net Income - Discontinued ops,0.0,0.0,0.0,0.0,0.0,0.0,0.0,0.0,0.0,0.0
Net Income,2023000.0,-127504000.0,-245928000.0,-68280000.0,155435000.0,-22301000.0,-130712000.0,13437000.0,6214000.0,-79277000.0
Preferred Dividends,0.0,0.0,0.0,0.0,0.0,0.0,0.0,0.0,0.0,0.0
Net Income Com,2023000.0,-127504000.0,-245928000.0,-68280000.0,155435000.0,-22301000.0,-130712000.0,13437000.0,6214000.0,-79277000.0
EPS,0.03,-1.94,-5.01,-1.74,4.34,-0.69,-4.72,0.57,0.32,-4.82
EPS Diluted,0.03,-1.94,-5.01,-1.74,4.24,-0.69,-4.72,0.56,0.31,-4.82
Weighted Average Shs Out,66059000.0,65837000.0,49052000.0,39153000.0,35784000.0,32426000.0,27677000.0,23521000.0,19272750.0,19224897.0
Weighted Average Shs Out (Dil),66303000.0,65837000.0,49052000.0,39153000.0,36678000.0,32426000.0,27677000.0,23871000.0,19674000.0,16448000.0
Dividend per Share,0.0,0.0,0.0,0.0,0.0,0.0,0.0,0.0,0.0,0.0
Gross Margin,0.175221272081,-0.0554298102463,-0.561417024666,0.0457514034327,0.49545261835,0.37576401484,-0.0144721213704,0.446067784625,0.6165,0.4814
EBITDA Margin,0.419916844186,0.264469149841,0.26357546714,0.414015178238,0.504987695732,0.356078324589,-0.0205428870675,0.457753308415,0.441,0.19
EBIT Margin,0.0502021426279,-0.258515477162,-0.867330869775,-0.107208487451,0.261362030444,0.0246988918442,-0.455051904766,0.100598545308,0.1169,-0.3774
Profit Margin,0.00130629144311,-0.138348292564,-0.642252196963,-0.11469346207,0.181539043713,-0.054218917907,-0.367031418038,0.0339352459844,0.018,-0.343
Free Cash Flow margin,0.574240036057,0.638620640267,1.26989801914,0.690500666862,0.276438991973,0.386967134598,0.490606037632,0.421340539448,0.0363,0.007
EBITDA,650308000.0,243739000.0,100927000.0,246474000.0,432374000.0,146460000.0,-7316000.0,181252000.0,151178000.0,43881000.0
EBIT,77746000.0,-238252000.0,-332114000.0,-63824000.0,223780000.0,10159000.0,-162059000.0,39833000.0,40116000.0,-87123000.0
Consolidated Income,2023000.0,-127504000.0,-245928000.0,-68280000.0,155435000.0,-22301000.0,-130712000.0,13437000.0,5934000.0,-81093000.0
Earnings Before Tax Margin,0.00479705345076,-0.368300897554,-1.02665865793,-0.179041399166,0.206992000766,-0.100334537604,-0.655993687751,0.00731134458026,0.02,-0.5385
Net Profit Margin,0.00130629144311,-0.138348292564,-0.642252196963,-0.11469346207,0.181539043713,-0.054218917907,-0.367031418038,0.0339352459844,0.0181,-0.3434
