Date,2018-12-31,2017-12-31,2016-12-31,2015-12-31,2014-12-31,2013-12-31,2012-12-31,2011-12-31,2010-12-31,2009-12-31
Revenue,525967000.0,574173000.0,555715000.0,584769000.0,566252000.0,554505000.0,536382000.0,541642000.0,523447000.0,542652000.0
Revenue Growth,-0.0839572742013296,0.0332148673330754,-0.0496845763027794,0.0327009882525801,0.0211846601924239,0.0337874872758594,-0.00971121146439899,0.0347599661474801,-0.0353910056537155,-0.1185
Cost of Revenue,209338000.0,220630000.0,218934000.0,242000000.0,239436000.0,222979000.0,212932000.0,208711000.0,195368000.0,207018000.0
Gross Profit,316629000.0,353543000.0,336781000.0,342769000.0,326816000.0,331526000.0,323450000.0,332931000.0,328079000.0,335634000.0
R&D Expenses,0.0,0.0,0.0,0.0,0.0,0.0,0.0,0.0,0.0,0.0
SG&A Expense,29713000.0,31130000.0,29244000.0,30368000.0,23820000.0,21883000.0,20766000.0,24838000.0,28129000.0,26656000.0
Operating Expenses,410302000.0,492876000.0,484931000.0,507926000.0,458431000.0,414317000.0,396604000.0,393270000.0,160909000.0,205545000.0
Operating Income,115665000.0,81297000.0,70784000.0,76843000.0,107821000.0,140188000.0,139778000.0,148372000.0,167170000.0,130089000.0
Interest Expense,61023000.0,68124000.0,64860000.0,73998000.0,74446000.0,73583000.0,65023000.0,65817000.0,66486000.0,71464000.0
Earnings before Tax,130291000.0,17675000.0,6307000.0,4685000.0,40079000.0,71490000.0,63841000.0,89519000.0,120379000.0,74700000.0
Income Tax Expense,-97000.0,13000.0,415000.0,85000.0,0.0,0.0,0.0,0.0,0.0,0.0
Net Income - Non-Controlling int,0.0,0.0,0.0,0.0,0.0,0.0,0.0,0.0,15000.0,15000.0
Net Income - Discontinued ops,0.0,0.0,0.0,0.0,0.0,0.0,0.0,0.0,-13591000.0,-11579000.0
Net Income,130296000.0,133564000.0,99732000.0,172990000.0,43348000.0,98728000.0,93204000.0,225041000.0,120379000.0,74700000.0
Preferred Dividends,0.0,0.0,0.0,0.0,0.0,0.0,0.0,0.0,0.0,0.0
Net Income Com,130296000.0,133564000.0,99732000.0,172990000.0,43348000.0,98728000.0,93204000.0,225041000.0,120379000.0,74700000.0
EPS,1.0,0.92,0.69,1.15,0.28,0.6,0.55,1.3,0.71,0.47
EPS Diluted,1.0,0.92,0.69,1.15,0.28,0.6,0.55,1.3,0.7,0.47
Weighted Average Shs Out,130161000.0,145043503.0,145230382.0,150537757.0,154452121.0,165012713.0,170312328.0,172764838.0,172658489.0,478870781.0
Weighted Average Shs Out (Dil),130636000.0,145379994.0,145634953.0,150880116.0,154585273.0,165137482.0,170441223.0,172980947.0,170752520.0,158419262.0
Dividend per Share,0.0,0.0,0.0,0.0,0.0,0.0,0.800146804861,1.27392642844,1.26,0.0
Gross Margin,0.601994041451,0.615742990353,0.606031868854,0.586161373123,0.577156460375,0.597877386137,0.603021727053,0.614669837273,0.6268,0.6185
EBITDA Margin,0.535586833394,0.48089513091,0.494123786473,0.46913396572,0.537578675219,0.55962164453,0.568466130482,0.593251631151,0.639,0.568
EBIT Margin,0.219909233849,0.141589729925,0.127374643477,0.131407444649,0.190411689495,0.252816475956,0.260594128811,0.273930012813,0.357,0.2694
Profit Margin,0.247726568397,0.232619785326,0.179466093231,0.295826215138,0.0765524889978,0.178047087042,0.173764220276,0.415479227977,0.23,0.138
Free Cash Flow margin,0.385706707835,0.422877773772,0.424334416023,0.371657868321,-0.133467078262,0.387875672897,0.213961318612,0.101051986367,0.3087,0.4498
EBITDA,281701000.0,276117000.0,274592000.0,274335000.0,304405000.0,310313000.0,304915000.0,321330000.0,334713000.0,308349000.0
EBIT,115665000.0,81297000.0,70784000.0,76843000.0,107821000.0,140188000.0,139778000.0,148372000.0,186865000.0,146164000.0
Consolidated Income,130296000.0,133564000.0,99732000.0,172990000.0,43348000.0,98728000.0,93204000.0,225041000.0,120394000.0,74715000.0
Earnings Before Tax Margin,0.247717062097,0.0307834050016,0.0113493427386,0.00801171060709,0.0707794409556,0.128925798685,0.119021518246,0.165273372449,0.23,0.1377
Net Profit Margin,0.247726568397,0.232619785326,0.179466093231,0.295826215138,0.0765524889978,0.178047087042,0.173764220276,0.415479227977,0.23,0.1377
