Date,2018-12-31,2017-12-31,2016-12-31,2015-12-31,2014-12-31,2013-12-31,2012-12-31,2011-12-31,2010-12-31,2009-12-31
Revenue,3587918000.0,3147970000.0,3034380000.0,2838358000.0,2590527000.0,2918754000.0,2899465000.0,2742257000.0,2459111000.0,2369275000.0
Revenue Growth,0.139756096786183,0.0374343358445547,0.0690617603558114,0.0956681787142153,-0.112454492567719,0.0066526066015627,0.0573279601437794,0.115141610118453,0.0379170843401462,-0.0222
Cost of Revenue,2879046000.0,0.0,0.0,349897000.0,319792000.0,345345000.0,343611000.0,321801000.0,0.0,1427861000.0
Gross Profit,708872000.0,0.0,0.0,2488461000.0,2270735000.0,2573409000.0,2555854000.0,2420456000.0,0.0,941414000.0
R&D Expenses,0.0,0.0,0.0,0.0,0.0,0.0,0.0,0.0,0.0,0.0
SG&A Expense,618951000.0,514776000.0,463028000.0,449433000.0,446436000.0,526482000.0,532241000.0,423718000.0,411415000.0,403136000.0
Operating Expenses,74780000.0,2702256000.0,2491364000.0,2370512000.0,2333339000.0,3690726000.0,2456876000.0,2242676000.0,2305885000.0,1136012000.0
Operating Income,634092000.0,445714000.0,543016000.0,467846000.0,257188000.0,-771972000.0,442589000.0,499581000.0,153226000.0,-194598000.0
Interest Expense,539417000.0,466761000.0,459243000.0,443127000.0,425114000.0,97092000.0,81440000.0,99564000.0,130215000.0,134984000.0
Earnings before Tax,89921000.0,-25044000.0,120617000.0,56610000.0,-153303000.0,-796978000.0,364526000.0,389232000.0,4518000.0,-325416000.0
Income Tax Expense,-3593000.0,-498507000.0,11307000.0,55924000.0,30519000.0,-121538000.0,152555000.0,146881000.0,66178000.0,-60468000.0
Net Income - Non-Controlling int,0.0,0.0,0.0,0.0,0.0,0.0,0.0,0.0,0.0,-2465000.0
Net Income - Discontinued ops,0.0,0.0,0.0,0.0,0.0,0.0,0.0,0.0,0.0,0.0
Net Income,93519000.0,473463000.0,109310000.0,686000.0,-183822000.0,-794339000.0,211971000.0,242351000.0,-59467000.0,-264948000.0
Preferred Dividends,0.0,0.0,8662000.0,67000.0,0.0,0.0,41023000.0,46101000.0,0.0,0.0
Net Income Com,93519000.0,473463000.0,109310000.0,686000.0,-183822000.0,-794339000.0,211971000.0,242351000.0,-59467000.0,-264948000.0
EPS,0.96,5.21,1.21,0.01,-2.34,-10.17,2.24,2.52,-0.76,-3.39
EPS Diluted,0.93,5.07,1.19,0.01,-2.34,-10.17,2.04,2.26,-0.76,-3.39
Weighted Average Shs Out,97105000.0,90854000.0,82929000.0,80003000.0,78425000.0,78111000.0,76345000.0,77991000.0,0.0,78644526.0
Weighted Average Shs Out (Dil),100338000.0,93378000.0,91407000.0,90904000.0,78425000.0,78111000.0,103804000.0,107051000.0,0.0,78644526.0
Dividend per Share,0.0,0.0,0.0,0.0,0.0,0.0,0.0,0.0,0.0,0.0
Gross Margin,0.197571962347,0.0,0.0,0.876725557523,0.876553303633,0.881680676069,0.881491585517,0.882651042554,0.0,0.3973
EBITDA Margin,0.25348990696,0.228634961578,0.270707689874,0.25856710112,0.204579994727,-0.159497511609,0.239642485769,0.262797396451,0.153792976405,0.002
EBIT Margin,0.176729791484,0.141587753378,0.178954514596,0.164829806529,0.0992801850743,-0.264486832395,0.152645056933,0.182178767344,0.0623095094121,-0.0804
Profit Margin,0.0260649769588,0.150402640432,0.0360238335344,0.000241689032885,-0.0709593067357,-0.272150033884,0.073106935245,0.0883764723729,-0.0241823162924,-0.112
Free Cash Flow margin,0.072531479259,0.13788123775,0.127236206408,0.0924597954169,0.0453637425898,0.110235737578,0.0117966590388,0.10002125986,0.0529553159658,0.0217
EBITDA,909501000.0,719736000.0,821430000.0,733906000.0,529970000.0,-465534000.0,694835000.0,720658000.0,378194000.0,4004000.0
EBIT,634092000.0,445714000.0,543016000.0,467846000.0,257188000.0,-771972000.0,442589000.0,499581000.0,153226000.0,-190432000.0
Consolidated Income,93519000.0,473463000.0,109310000.0,686000.0,-183822000.0,-794339000.0,211971000.0,242351000.0,-59467000.0,-267413000.0
Earnings Before Tax Margin,0.0250621669726,-0.00795560313472,0.0397501301749,0.0199446299586,-0.0591783061902,-0.273054186821,0.125721814197,0.141938556452,0.00183724931489,-0.1373
Net Profit Margin,0.0260649769588,0.150402640432,0.0360238335344,0.000241689032885,-0.0709593067357,-0.272150033884,0.073106935245,0.0883764723729,-0.0241823162924,-0.1118
