Date,2018-12-31,2017-12-31,2016-12-31,2016-03-31,2015-03-31,2014-03-31,2013-03-31,2012-03-31,2011-03-31,2010-03-31
Revenue,42870050.0,38286376.0,0.0,27072446.0,51179392.0,35392108.0,0.0,0.0,8033926.0,5912350.0
Revenue Growth,0.11972075915464,0.0,-1,-0.471028377984639,0.446067920000696,0.0,0.0,-1,0.358838025489019,-0.0551
Cost of Revenue,20789229.0,18022469.0,0.0,13432126.0,23956635.0,15352937.0,0.0,0.0,3342144.0,2295464.0
Gross Profit,22901180.0,20263907.0,0.0,13640320.0,27222757.0,20039171.0,0.0,0.0,9037344.0,4691782.0
R&D Expenses,1397440.0,1221211.0,0.0,899013.0,1832671.0,703266.0,0.0,0.0,0.0,0.0
SG&A Expense,13029228.0,11676693.0,0.0,12264442.0,10287493.0,6466177.0,0.0,0.0,1307580.0,1005846.0
Operating Expenses,14927222.0,13424487.0,0.0,13680241.0,18687058.0,11367278.0,0.0,0.0,4669727.0,2350563.0
Operating Income,7973958.0,6839420.0,0.0,-39921.0,8535699.0,8671893.0,0.0,0.0,4367617.0,2341219.0
Interest Expense,0.0,0.0,0.0,0.0,0.0,-2692.0,0.0,0.0,20370.0,32272.0
Earnings before Tax,8597962.0,7123229.0,0.0,162572.0,8591588.0,8681921.0,0.0,0.0,2312674.0,1723466.0
Income Tax Expense,2517200.0,2673694.0,0.0,127828.0,2843905.0,3074612.0,0.0,0.0,686211.0,444191.0
Net Income - Non-Controlling int,0.0,0.0,0.0,0.0,0.0,0.0,0.0,0.0,0.0,0.0
Net Income - Discontinued ops,0.0,0.0,0.0,0.0,0.0,0.0,0.0,0.0,0.0,0.0
Net Income,6080762.0,4449535.0,0.0,34744.0,5747683.0,5607309.0,0.0,0.0,1626463.0,1279275.0
Preferred Dividends,0.0,0.0,0.0,0.0,0.0,0.0,0.0,0.0,0.0,0.0
Net Income Com,6080762.0,4449535.0,0.0,34744.0,5747683.0,5607309.0,0.0,0.0,1626463.0,1279275.0
EPS,0.13,0.09,0.0,0.0,0.11,0.12,0.0,0.0,0.04,0.03
EPS Diluted,0.12,0.09,0.0,0.0,0.11,0.12,0.0,0.0,0.04,0.03
Weighted Average Shs Out,48471011.0,49365592.0,0.0,53243151.0,51609760.0,46230669.0,0.0,0.0,45000000.0,45000000.0
Weighted Average Shs Out (Dil),49222353.0,49858435.0,0.0,53558942.0,51680775.0,46822984.0,0.0,0.0,45000000.0,45000000.0
Dividend per Share,0.0,0.0,0.0,0.0,0.0,0.0,0.0,0.0,0.0,0.0
Gross Margin,0.534199983438,0.529272005269,0.0,0.503845127256,0.531908565854,0.566204505253,0.0,0.0,0.584,0.6118
EBITDA Margin,0.206919259483,0.201877137706,0.0,-0.0380240854484,0.144499176544,0.234871231745,0.0,0.0,0.303,0.303
EBIT Margin,0.186003002096,0.178638479651,0.0,-0.00147459893354,0.166780000044,0.245023353794,0.0,0.0,0.2919,0.2926
Profit Margin,0.141841728666,0.116217189112,0.0,0.00128337129198,0.11230463621,0.158433880231,0.0,0.0,0.202,0.216
Free Cash Flow margin,0.0845497031144,0.185490290332,0.0,0.268556007093,0.0280401924275,-0.0178577099731,0.0,0.0,-0.0528,0.2607
EBITDA,8870639.0,7729144.0,0.0,-1029405.0,7395380.0,8312588.0,0.0,0.0,2435970.0,1790243.0
EBIT,7973958.0,6839420.0,0.0,-39921.0,8535699.0,8671893.0,0.0,0.0,4371592.0,2344946.0
Consolidated Income,6080762.0,4449535.0,0.0,34744.0,5747683.0,5607309.0,0.0,0.0,1626463.0,1279275.0
Earnings Before Tax Margin,0.200558711735,0.186051273174,0.0,0.00600507246371,0.167872021614,0.245306693797,0.0,0.0,0.2879,0.2915
Net Profit Margin,0.141841728666,0.116217189112,0.0,0.00128337129198,0.11230463621,0.158433880231,0.0,0.0,0.2024,0.2164
