Date,2018-12-31,2017-12-31,2016-12-31,2015-12-31,2014-12-31,2013-12-31,2012-12-31,2011-12-31,2010-12-31,2009-12-31
Revenue,326160000.0,326825000.0,334643000.0,288269000.0,247048000.0,241603000.0,0.0,0.0,274516000.0,267892000.0
Revenue Growth,-0.00203472806547847,-0.0233622098773917,0.160870575746959,0.16685421456559,0.0225369718091249,0.0,0.0,-1,0.0247263822734535,-0.4071
Cost of Revenue,240863000.0,246246000.0,261179000.0,226596000.0,203256000.0,200041000.0,0.0,0.0,242896000.0,237027000.0
Gross Profit,85297000.0,80579000.0,73464000.0,61673000.0,43792000.0,41562000.0,0.0,0.0,31620000.0,30865000.0
R&D Expenses,0.0,0.0,0.0,0.0,0.0,0.0,0.0,0.0,0.0,0.0
SG&A Expense,78800000.0,79981000.0,76304000.0,66280000.0,47658000.0,46235000.0,0.0,0.0,33611000.0,34270000.0
Operating Expenses,78800000.0,79981000.0,76304000.0,66280000.0,47658000.0,46235000.0,0.0,0.0,33611000.0,34270000.0
Operating Income,6497000.0,598000.0,-2840000.0,-4607000.0,-3866000.0,-4673000.0,-492000.0,0.0,-1991000.0,-3405000.0
Interest Expense,2499000.0,2738000.0,2323000.0,1757000.0,813000.0,679000.0,0.0,0.0,940000.0,1186000.0
Earnings before Tax,3998000.0,-2140000.0,-5163000.0,-6364000.0,-4679000.0,-5352000.0,-492000.0,0.0,-6906000.0,-4249000.0
Income Tax Expense,2770000.0,1824000.0,2367000.0,1497000.0,-53000.0,539000.0,662000.0,0.0,463000.0,321000.0
Net Income - Non-Controlling int,0.0,0.0,0.0,0.0,0.0,0.0,0.0,0.0,0.0,0.0
Net Income - Discontinued ops,0.0,0.0,0.0,0.0,0.0,0.0,0.0,0.0,3975000.0,-342000.0
Net Income,1228000.0,-3964000.0,-7530000.0,-7861000.0,-4626000.0,-5891000.0,-1356000.0,0.0,-7369000.0,-4570000.0
Preferred Dividends,0.0,0.0,0.0,0.0,0.0,0.0,0.0,0.0,0.0,0.0
Net Income Com,1228000.0,-3964000.0,-7530000.0,-7861000.0,-4626000.0,-5891000.0,-1356000.0,0.0,-7369000.0,-4570000.0
EPS,0.06,-0.21,-0.41,-0.45,-0.28,-0.39,0.0,0.0,-0.65,-0.46
EPS Diluted,0.06,-0.21,-0.41,-0.45,-0.28,-0.39,0.0,0.0,-0.65,-0.46
Weighted Average Shs Out,19203000.0,18933000.0,18542000.0,17608000.0,16737000.0,14957000.0,0.0,0.0,12236703.0,9933803.0
Weighted Average Shs Out (Dil),19826000.0,18933000.0,18542000.0,17608000.0,16737000.0,14957000.0,0.0,0.0,11310000.0,9929000.0
Dividend per Share,0.0,0.0,0.0,0.0,0.0,0.0,0.0,0.0,0.0,0.0
Gross Margin,0.261518886436,0.246550906448,0.219529468717,0.213942532843,0.177261099058,0.172026009611,0.0,0.0,0.1152,0.1152
EBITDA Margin,0.0552121658082,0.0478727147556,0.0379000905443,0.0354668729555,0.0316092419287,0.0229177617828,0.0,0.0,0.0,0.013
EBIT Margin,0.019919671327,0.0018297253882,-0.00848665592886,-0.015981600519,-0.0156487808037,-0.0193416472478,0.0,0.0,-0.0217,-0.0114
Profit Margin,0.00376502330145,-0.0121288151151,-0.022501591248,-0.0272696682612,-0.0187251060523,-0.024382975377,0.0,0.0,-0.027,-0.017
Free Cash Flow margin,0.0203243806721,0.0195792855504,0.0136055438183,0.0606516829767,0.0319694958065,-0.00473090152026,0.0,0.0,-0.0011,0.0138
EBITDA,18008000.0,15646000.0,12683000.0,10224000.0,7809000.0,5537000.0,-492000.0,0.0,94000.0,3481000.0
EBIT,6497000.0,598000.0,-2840000.0,-4607000.0,-3866000.0,-4673000.0,-492000.0,0.0,-5966000.0,-3063000.0
Consolidated Income,1228000.0,-3964000.0,-7530000.0,-7861000.0,-4626000.0,-5891000.0,-1356000.0,0.0,-7369000.0,-4570000.0
Earnings Before Tax Margin,0.0122577875889,-0.00654784670695,-0.0154283818876,-0.0220766020627,-0.0189396392604,-0.022152042814,0.0,0.0,-0.0252,-0.0159
Net Profit Margin,0.00376502330145,-0.0121288151151,-0.022501591248,-0.0272696682612,-0.0187251060523,-0.024382975377,0.0,0.0,-0.0268,-0.0171
