Date,2018-12-31,2017-12-31,2016-12-31,2015-12-31,2014-12-31,2013-12-31,2012-12-31,2011-12-31,2010-12-31,2009-12-31
Revenue,0.0,0.0,0.0,822000.0,595000.0,687781.0,15266.0,0.0,16774588.0,8465732.0
Revenue Growth,0.0,0.0,-1,0.381512605042017,-0.134899044899467,44.0531245905935,0.0,-1,0.981469292909343,-0.4633
Cost of Revenue,0.0,0.0,0.0,822000.0,595000.0,687781.0,1008443.0,0.0,0.0,0.0
Gross Profit,0.0,0.0,0.0,0.0,0.0,0.0,-993177.0,0.0,16774588.0,8465732.0
R&D Expenses,0.0,0.0,0.0,0.0,0.0,0.0,0.0,0.0,0.0,0.0
SG&A Expense,11741000.0,10915000.0,9489000.0,9247000.0,8097000.0,9702350.0,10593018.0,0.0,24695813.0,24514318.0
Operating Expenses,11741000.0,10915000.0,9489000.0,9247000.0,8097000.0,9702350.0,10593018.0,0.0,31948533.0,30131588.0
Operating Income,4086000.0,7022000.0,3137000.0,3501000.0,959000.0,-7627730.0,-536164.0,0.0,-15173945.0,-21665856.0
Interest Expense,12378000.0,6956000.0,3008000.0,2690000.0,2970000.0,4853585.0,7419452.0,0.0,0.0,0.0
Earnings before Tax,4086000.0,7022000.0,3137000.0,3501000.0,959000.0,-7627730.0,-536164.0,0.0,-15173945.0,-21665856.0
Income Tax Expense,890000.0,2875000.0,1207000.0,1358000.0,-14750000.0,-338784.0,0.0,0.0,225000.0,2213750.0
Net Income - Non-Controlling int,0.0,0.0,0.0,0.0,0.0,0.0,0.0,0.0,0.0,0.0
Net Income - Discontinued ops,0.0,0.0,0.0,0.0,0.0,0.0,0.0,0.0,0.0,0.0
Net Income,3196000.0,4147000.0,1930000.0,2143000.0,15709000.0,-7288946.0,-536164.0,0.0,-15398945.0,-23879606.0
Preferred Dividends,0.0,0.0,0.0,0.0,0.0,0.0,0.0,0.0,0.0,0.0
Net Income Com,3196000.0,4147000.0,1930000.0,2143000.0,15709000.0,-7288946.0,-536164.0,0.0,-15398945.0,-23879606.0
EPS,0.82,1.06,0.49,0.55,4.08,-0.19,-0.01,0.0,-13.0,-50.2
EPS Diluted,0.82,1.06,0.49,0.55,4.08,-0.19,-0.01,0.0,-13.0,-50.2
Weighted Average Shs Out,3904052.0,3894222.0,3953281.0,3924618.0,3850042.0,38423533.0,0.0,0.0,3836273.0,476273.0
Weighted Average Shs Out (Dil),3915625.0,3897185.0,3953281.0,3924618.0,3850042.0,38423533.0,0.0,0.0,3836273.0,476273.0
Dividend per Share,0.0393296089385,0.019757850859,0.0,0.0,0.0,0.0,0.0,0.0,0.0,0.45
Gross Margin,0.0,0.0,0.0,0.0,0.0,0.0,-65.0581029739,0.0,1.0,1.0
EBITDA Margin,0.0,0.0,0.0,0.0,0.0,0.0,25.3647975894,0.0,-0.814,-2.361
EBIT Margin,0.0,0.0,0.0,0.0,0.0,0.0,-35.1214463514,0.0,-0.9046,-2.5592
Profit Margin,0.0,0.0,0.0,0.0,0.0,0.0,-35.1214463514,0.0,-0.918,-2.821
Free Cash Flow margin,0.0,0.0,0.0,-0.417274939173,23.7243697479,-6.82811825276,-246.923686624,0.0,-0.1986,-1.1938
EBITDA,5181000.0,7637000.0,4005000.0,4134000.0,2689000.0,-6579588.0,387219.0,0.0,-13659711.0,-19988265.0
EBIT,4086000.0,7022000.0,3137000.0,3501000.0,959000.0,-7627730.0,-536164.0,0.0,-15173945.0,-21665856.0
Consolidated Income,3196000.0,4147000.0,1930000.0,2143000.0,15709000.0,-7288946.0,-536164.0,0.0,-15398945.0,-23879606.0
Earnings Before Tax Margin,0.0,0.0,0.0,0.0,0.0,0.0,-35.1214463514,0.0,-0.9046,-2.5592
Net Profit Margin,0.0,0.0,0.0,0.0,0.0,0.0,-35.1214463514,0.0,-0.918,-2.8207
