Date,2018-12-31,2017-12-31,2016-12-31,2015-12-31,2014-12-31,2013-12-31,2012-12-31,2011-12-31,2010-12-31,2009-12-31
Revenue,1436613000.0,100000.0,0.0,0.0,0.0,0.0,0.0,0.0,0.0,1647744000.0
Revenue Growth,14365.13,0.0,0.0,0.0,0.0,0.0,0.0,0.0,-1,-0.1591
Cost of Revenue,399726000.0,0.0,0.0,0.0,0.0,0.0,0.0,0.0,0.0,954718000.0
Gross Profit,1036887000.0,0.0,0.0,0.0,0.0,0.0,0.0,0.0,0.0,693026000.0
R&D Expenses,0.0,0.0,0.0,0.0,0.0,0.0,0.0,0.0,0.0,0.0
SG&A Expense,188470000.0,186345000.0,191514000.0,179100000.0,171111000.0,179210000.0,187740000.0,257774000.0,264556000.0,262282000.0
Operating Expenses,188470000.0,186345000.0,191514000.0,179100000.0,171111000.0,179210000.0,187740000.0,257774000.0,264556000.0,410231000.0
Operating Income,236047000.0,306485000.0,277985000.0,124350000.0,299697000.0,286842000.0,273721000.0,257299000.0,239452000.0,282795000.0
Interest Expense,127244000.0,127625000.0,128633000.0,114860000.0,119627000.0,121448000.0,120845000.0,124849000.0,125373000.0,122205000.0
Earnings before Tax,109057000.0,225759000.0,195174000.0,46153000.0,200647000.0,175069000.0,175035000.0,312469000.0,-31124000.0,153662000.0
Income Tax Expense,7775000.0,130340000.0,63278000.0,15075000.0,69738000.0,59513000.0,54910000.0,121535000.0,-32255000.0,28818000.0
Net Income - Non-Controlling int,0.0,0.0,0.0,0.0,0.0,0.0,0.0,0.0,0.0,11890000.0
Net Income - Discontinued ops,0.0,0.0,0.0,0.0,0.0,0.0,0.0,0.0,0.0,-70801000.0
Net Income,85642000.0,79874000.0,116849000.0,15640000.0,116254000.0,100507000.0,105547000.0,176359000.0,-45215000.0,124844000.0
Preferred Dividends,528000.0,528000.0,528000.0,528000.0,528000.0,528000.0,528000.0,528000.0,0.0,528000.0
Net Income Com,85642000.0,79874000.0,116849000.0,15640000.0,116254000.0,100507000.0,105547000.0,176359000.0,-45215000.0,124316000.0
EPS,1.07,1.0,1.47,0.2,1.46,1.26,1.32,1.98,-0.49,1.36
EPS Diluted,1.07,1.0,1.46,0.2,1.45,1.25,1.31,1.96,-0.49,1.36
Weighted Average Shs Out,79890000.0,79891000.0,79758000.0,79759000.0,79788000.0,79845000.0,79799000.0,89201000.0,0.0,86673174.0
Weighted Average Shs Out (Dil),80012000.0,80141000.0,80132000.0,80139000.0,80279000.0,80431000.0,80417000.0,89757000.0,0.0,86673174.0
Dividend per Share,0.213655451682,0.221384809274,0.212224829032,0.212742859282,0.219359982063,0.2279593689,0.194361888655,0.187183172343,0.0,0.5
Gross Margin,0.721758051751,0.0,0.0,0.0,0.0,0.0,0.0,0.0,0.0,0.4206
EBITDA Margin,0.356176646042,5746.79,0.0,0.0,0.0,0.0,0.0,0.0,0.0,0.273
EBIT Margin,0.164307993872,3064.85,0.0,0.0,0.0,0.0,0.0,0.0,0.0,0.1674
Profit Margin,0.0596138278019,798.74,0.0,0.0,0.0,0.0,0.0,0.0,0.0,0.075
Free Cash Flow margin,-0.0508049140583,240.01,0.0,0.0,0.0,0.0,0.0,0.0,0.0,-0.1216
EBITDA,511688000.0,574679000.0,520018000.0,347211000.0,509564000.0,495015000.0,480220000.0,452665000.0,425519000.0,449313000.0
EBIT,236047000.0,306485000.0,277985000.0,124350000.0,299697000.0,286842000.0,273721000.0,257299000.0,239452000.0,275867000.0
Consolidated Income,85642000.0,79874000.0,116849000.0,15640000.0,116254000.0,100507000.0,105547000.0,176359000.0,-45215000.0,136734000.0
Earnings Before Tax Margin,0.0759125804931,2257.59,0.0,0.0,0.0,0.0,0.0,0.0,0.0,0.0933
Net Profit Margin,0.0596138278019,798.74,0.0,0.0,0.0,0.0,0.0,0.0,0.0,0.0758
