Date,2018-12-31,2017-12-31,2016-12-31,2015-12-31,2014-12-31,2013-12-31,2012-12-31,2011-12-31,2010-12-31,2009-12-31
Revenue,118100000.0,89310000.0,56766000.0,79106000.0,144580000.0,125067000.0,120979000.0,127080000.0,118169000.0,89992000.0
Revenue Growth,0.322360317993506,0.573300919564528,-0.282405885773519,-0.452856550006917,0.156020373080029,0.0337909885186685,-0.0480091281082783,0.0754089482013049,0.313105609387501,-0.4686
Cost of Revenue,55617000.0,48058000.0,42723000.0,49192000.0,45252000.0,42936000.0,40855000.0,65680000.0,49299000.0,48104000.0
Gross Profit,62483000.0,41252000.0,14043000.0,29914000.0,99328000.0,82131000.0,80124000.0,61400000.0,68870000.0,41888000.0
R&D Expenses,0.0,0.0,0.0,0.0,0.0,0.0,0.0,0.0,91000.0,136000.0
SG&A Expense,13550000.0,9646000.0,7849000.0,12267000.0,14460000.0,16659000.0,15870000.0,14890000.0,13464000.0,11858000.0
Operating Expenses,45133000.0,40526000.0,35393000.0,47473000.0,58432000.0,60468000.0,55738000.0,51787000.0,57555000.0,69537000.0
Operating Income,21012000.0,41984000.0,11028000.0,-16173000.0,47011000.0,24479000.0,25116000.0,11215000.0,11315000.0,-27649000.0
Interest Expense,0.0,2310000.0,3507000.0,3627000.0,4018000.0,4223000.0,3577000.0,3711000.0,6650000.0,7373000.0
Earnings before Tax,17643000.0,39681000.0,7522000.0,-19798000.0,42993000.0,20258000.0,21630000.0,7950000.0,3755000.0,-35984000.0
Income Tax Expense,2978000.0,-7753000.0,2100000.0,-6648000.0,13844000.0,6818000.0,6856000.0,1275000.0,1002000.0,-12305000.0
Net Income - Non-Controlling int,0.0,0.0,0.0,0.0,0.0,0.0,0.0,0.0,1531000.0,1014000.0
Net Income - Discontinued ops,0.0,0.0,0.0,0.0,0.0,0.0,0.0,0.0,0.0,0.0
Net Income,14529000.0,41998000.0,3444000.0,-12784000.0,27046000.0,12271000.0,15056000.0,4811000.0,2753000.0,-23679000.0
Preferred Dividends,0.0,0.0,0.0,0.0,0.0,0.0,0.0,0.0,0.0,0.0
Net Income Com,14529000.0,41998000.0,3444000.0,-12784000.0,27046000.0,12271000.0,15056000.0,4811000.0,2753000.0,-23679000.0
EPS,6.96,18.99,1.5,-5.53,11.45,5.04,5.74,1.75,0.94,-7.79
EPS Diluted,5.11,14.18,1.13,-5.53,8.68,3.86,4.48,1.38,0.75,-7.79
Weighted Average Shs Out,2089055.0,2211985.0,2293688.0,2312810.0,2361134.0,2436821.0,0.0,0.0,2855053.0,3034697.0
Weighted Average Shs Out (Dil),2844196.0,2962788.0,3045251.0,2312810.0,3115031.0,3182906.0,0.0,0.0,2855053.0,3034697.0
Dividend per Share,1.08290708517,1.65958549852,0.27682447194,0.01470073201,0.163080239009,0.0722610092789,0.0,0.0,0.0,0.0
Gross Margin,0.529068585944,0.46189676408,0.247383997463,0.378150835588,0.687010651542,0.656696010938,0.662296762248,0.483160214038,0.5828,0.4655
EBITDA Margin,0.497383573243,0.873944687045,0.725821794736,0.194397390843,0.504046202794,0.370521400529,0.399945445077,0.469113943972,0.475,0.301
EBIT Margin,0.177917019475,0.470092934722,0.194271218687,-0.204447197431,0.325155623184,0.19572709028,0.207606278776,0.0882514951212,0.0881,-0.3179
Profit Margin,0.123022861981,0.470249692084,0.0606701194377,-0.161605946452,0.18706598423,0.0981154101402,0.124451351061,0.0378580421782,0.023,-0.263
Free Cash Flow margin,0.330787468247,0.44907625126,0.193866046577,0.26817182009,0.388470051183,0.285447000408,0.328255317038,0.325299024237,0.414,0.1809
EBITDA,58741000.0,78052000.0,41202000.0,15378000.0,72875000.0,46340000.0,48385000.0,59615000.0,56093000.0,27130000.0
EBIT,21012000.0,41984000.0,11028000.0,-16173000.0,47011000.0,24479000.0,25116000.0,11215000.0,10405000.0,-28611000.0
Consolidated Income,14529000.0,41998000.0,3444000.0,-12784000.0,27046000.0,12271000.0,15056000.0,4811000.0,4284000.0,-22665000.0
Earnings Before Tax Margin,0.149390347163,0.444306348673,0.13250889617,-0.250271787222,0.297364780744,0.161977180231,0.178791360484,0.0625590179415,0.0318,-0.3999
Net Profit Margin,0.123022861981,0.470249692084,0.0606701194377,-0.161605946452,0.18706598423,0.0981154101402,0.124451351061,0.0378580421782,0.0233,-0.2631
