Date,2018-12-31,2017-12-31,2016-12-31,2015-12-31,2014-12-31,2013-12-31,2012-12-31,2011-12-31,2010-12-31,2009-12-31
Revenue,3691247000.0,3565296000.0,3498682000.0,3495443000.0,3491632000.0,3454628000.0,3301804000.0,3241379000.0,0.0,3153656000.0
Revenue Growth,0.0353269405962366,0.019039741251134,0.000926635050264015,0.00109146668377424,0.0107114282637668,0.0462850005633284,0.018641757103998,0.0,-1,-0.0205
Cost of Revenue,1903144000.0,1678227000.0,1712501000.0,1749709000.0,1747736000.0,1659560000.0,1538607000.0,1573475000.0,0.0,2124190000.0
Gross Profit,1788103000.0,1887069000.0,1786181000.0,1745734000.0,1743896000.0,1795068000.0,1763197000.0,1667904000.0,0.0,1029466000.0
R&D Expenses,0.0,0.0,0.0,0.0,0.0,0.0,0.0,0.0,0.0,0.0
SG&A Expense,0.0,0.0,0.0,0.0,0.0,0.0,0.0,0.0,0.0,0.0
Operating Expenses,1014416000.0,952642000.0,930197000.0,891132000.0,932654000.0,948745000.0,911442000.0,921396000.0,0.0,413338000.0
Operating Income,773687000.0,934427000.0,855984000.0,854602000.0,811242000.0,846323000.0,851755000.0,746508000.0,0.0,616128000.0
Interest Expense,218285000.0,197684000.0,185750000.0,178705000.0,185493000.0,187027000.0,199645000.0,223637000.0,0.0,227387000.0
Earnings before Tax,536386000.0,506769000.0,462453000.0,479583000.0,644401000.0,670557000.0,656310000.0,539238000.0,0.0,206881000.0
Income Tax Expense,133902000.0,258272000.0,236411000.0,237720000.0,220705000.0,230591000.0,237317000.0,183604000.0,0.0,138551000.0
Net Income - Non-Controlling int,0.0,0.0,0.0,0.0,0.0,0.0,0.0,0.0,0.0,4434000.0
Net Income - Discontinued ops,0.0,0.0,0.0,0.0,0.0,0.0,0.0,0.0,0.0,183284000.0
Net Income,511047000.0,488456000.0,442034000.0,437257000.0,397595000.0,406074000.0,381542000.0,339473000.0,0.0,68330000.0
Preferred Dividends,0.0,0.0,0.0,0.0,0.0,0.0,0.0,0.0,0.0,0.0
Net Income Com,511047000.0,488456000.0,442034000.0,437257000.0,397595000.0,406074000.0,381542000.0,339473000.0,0.0,68330000.0
EPS,4.56,4.37,3.97,3.94,3.59,3.69,3.48,3.11,0.0,0.68
EPS Diluted,4.54,4.35,3.95,3.92,3.58,3.66,3.45,3.09,0.0,0.67
Weighted Average Shs Out,112129000.0,111839000.0,111409000.0,111026000.0,110626000.0,109984000.0,109510000.0,109053000.0,0.0,101281436.0
Weighted Average Shs Out (Dil),112550000.0,112367000.0,112046000.0,111552000.0,111178000.0,110806000.0,110527311.0,109864000.0,0.0,101161000.0
Dividend per Share,2.74448689471,2.57898671318,2.44746800421,2.33099361733,2.21870334059,2.12302582893,2.03637452104,2.01820432535,0.0,2.1
Gross Margin,0.484417054724,0.529288171305,0.510529679462,0.499431402543,0.499450113872,0.519612531364,0.534010195639,0.514566176927,0.0,0.3264
EBITDA Margin,0.417580291972,0.429217938707,0.417056194304,0.408498436393,0.386205075449,0.396521709429,0.368374682446,0.334775723542,0.0,0.281
EBIT Margin,0.20960044126,0.262089599293,0.244658988728,0.244490326405,0.232338917732,0.244982383053,0.257966554041,0.230305681625,0.0,0.1377
Profit Margin,0.138448334668,0.137002930472,0.126343005738,0.125093443091,0.113870820293,0.117544928137,0.115555617475,0.104731041942,0.0,0.022
Free Cash Flow margin,0.0268134318836,-0.0815466654101,-0.072050560754,0.00521822269738,0.054127410907,0.039652605143,0.0852779268545,0.0744229539341,0.0,0.113
EBITDA,1541392000.0,1530289000.0,1459147000.0,1427883000.0,1348486000.0,1369835000.0,1216301000.0,1085135000.0,0.0,885132000.0
EBIT,773687000.0,934427000.0,855984000.0,854602000.0,811242000.0,846323000.0,851755000.0,746508000.0,0.0,434268000.0
Consolidated Income,511047000.0,488456000.0,442034000.0,437257000.0,397595000.0,406074000.0,381542000.0,339473000.0,0.0,72764000.0
Earnings Before Tax Margin,0.145312952506,0.14213939039,0.132179203483,0.137202351748,0.184555818024,0.1941039672,0.198773155523,0.166360675503,0.0,0.0656
Net Profit Margin,0.138448334668,0.137002930472,0.126343005738,0.125093443091,0.113870820293,0.117544928137,0.115555617475,0.104731041942,0.0,0.0217
