Date,2018-12-31,2017-12-31,2016-12-31,2015-12-31,2014-12-31,2013-12-31,2012-12-31,2011-12-31,2010-12-31,2009-12-31
Revenue,15374000000.0,14748000000.0,14751000000.0,15330000000.0,15360000000.0,15108000000.0,15200000000.0,14885000000.0,13423000000.0,12239000000.0
Revenue Growth,0.0424464334147003,-0.000203376042302217,-0.0377690802348337,-0.001953125,0.0166799046862589,-0.00605263157894737,0.0211622438696674,0.10891752961335,0.0967399297328213,-0.2278
Cost of Revenue,9001000000.0,8207000000.0,8063000000.0,8591000000.0,8791000000.0,8636000000.0,9069000000.0,9081000000.0,0.0,7539000000.0
Gross Profit,6373000000.0,6541000000.0,6688000000.0,6739000000.0,6569000000.0,6472000000.0,6131000000.0,5804000000.0,0.0,4700000000.0
R&D Expenses,441000000.0,453000000.0,466000000.0,486000000.0,492000000.0,488000000.0,455000000.0,430000000.0,394000000.0,388000000.0
SG&A Expense,3573000000.0,3564000000.0,3662000000.0,3679000000.0,3758000000.0,3699000000.0,3335000000.0,3234000000.0,2979000000.0,2936000000.0
Operating Expenses,4157000000.0,4146000000.0,4249000000.0,4297000000.0,4376000000.0,4306000000.0,3900000000.0,3664000000.0,3373000000.0,3918000000.0
Operating Income,1693000000.0,2005000000.0,827000000.0,1882000000.0,1416000000.0,1489000000.0,1402000000.0,1095000000.0,769000000.0,782000000.0
Interest Expense,118000000.0,105000000.0,125000000.0,126000000.0,187000000.0,196000000.0,210000000.0,210000000.0,189000000.0,193000000.0
Earnings before Tax,1693000000.0,2005000000.0,827000000.0,1882000000.0,1416000000.0,1489000000.0,1402000000.0,814000000.0,1295000000.0,527000000.0
Income Tax Expense,353000000.0,615000000.0,241000000.0,456000000.0,259000000.0,333000000.0,338000000.0,385000000.0,415000000.0,191000000.0
Net Income - Non-Controlling int,0.0,0.0,0.0,0.0,0.0,0.0,0.0,0.0,0.0,90000000.0
Net Income - Discontinued ops,0.0,0.0,0.0,0.0,0.0,0.0,0.0,0.0,0.0,0.0
Net Income,1341000000.0,1594000000.0,877000000.0,1406000000.0,2102000000.0,3231000000.0,941000000.0,1095000000.0,769000000.0,336000000.0
Preferred Dividends,0.0,0.0,0.0,0.0,0.0,0.0,0.0,0.0,0.0,0.0
Net Income Com,1341000000.0,1594000000.0,877000000.0,1406000000.0,2102000000.0,3231000000.0,941000000.0,1095000000.0,769000000.0,336000000.0
EPS,5.5,6.22,3.3,5.18,15.2,22.53,6.13,6.96,4.67,1.02
EPS Diluted,5.47,6.18,3.28,5.14,15.03,22.27,6.06,6.87,4.63,1.015
Weighted Average Shs Out,243900000.0,256100000.0,265600000.0,271400000.0,138300000.0,143400000.0,153400000.0,157300000.0,164500000.0,333970612.0
Weighted Average Shs Out (Dil),245400000.0,257800000.0,267400000.0,273600000.0,139800000.0,145100000.0,155100000.0,159300000.0,165900000.0,333970612.0
Dividend per Share,1.84596577017,1.68347556245,1.54824233358,1.39985380117,2.58226037196,2.37767057202,2.30818826564,2.22849968613,2.16998191682,1.065
Gross Margin,0.414531026408,0.443517765121,0.453392990306,0.439595564253,0.427669270833,0.428382314006,0.403355263158,0.389922741014,0.0,0.384
EBITDA Margin,0.14244828932,0.167141307296,0.0873839061759,0.155055446836,0.123177083333,0.129997352396,0.122828947368,0.104937856903,0.0923042538926,0.098
EBIT Margin,0.110120983479,0.135950637375,0.0560639956613,0.122765818656,0.0921875,0.0985570558644,0.0922368421053,0.0735639905946,0.0572897265887,0.0588
Profit Margin,0.0872251853779,0.108082451858,0.0594535963663,0.0917155903457,0.136848958333,0.213860206513,0.0619078947368,0.0735639905946,0.0572897265887,0.027
Free Cash Flow margin,0.0686873943021,0.0819094114456,0.062572029015,0.0887801696021,0.0612630208333,0.0844585649987,0.0905263157895,0.0702720859926,0.0747224912464,0.0904
EBITDA,2190000000.0,2465000000.0,1289000000.0,2377000000.0,1892000000.0,1964000000.0,1867000000.0,1562000000.0,1239000000.0,1200000000.0
EBIT,1693000000.0,2005000000.0,827000000.0,1882000000.0,1416000000.0,1489000000.0,1402000000.0,1095000000.0,769000000.0,720000000.0
Consolidated Income,1341000000.0,1594000000.0,877000000.0,1406000000.0,2102000000.0,3231000000.0,941000000.0,1095000000.0,769000000.0,426000000.0
Earnings Before Tax Margin,0.110120983479,0.135950637375,0.0560639956613,0.122765818656,0.0921875,0.0985570558644,0.0922368421053,0.0546859254283,0.0964761975713,0.0431
Net Profit Margin,0.0872251853779,0.108082451858,0.0594535963663,0.0917155903457,0.136848958333,0.213860206513,0.0619078947368,0.0735639905946,0.0572897265887,0.0275
