Date,2018-12-31,2017-12-31,2016-12-31,2015-12-31,2014-12-31,2013-12-31,2012-12-31,2011-12-31,2010-12-31,2009-12-31
Revenue,7785000000.0,7447000000.0,7517000000.0,7669000000.0,11499000000.0,11860000000.0,12286000000.0,12737000000.0,8521000000.0,7449000000.0
Revenue Growth,0.0453874043238888,-0.00931222562192364,-0.0198200547659408,-0.333072441081833,-0.0304384485666105,-0.0346736122415758,-0.03540865195886,0.494777608261941,0.143911934487851,-0.0519
Cost of Revenue,0.0,0.0,0.0,0.0,0.0,0.0,0.0,0.0,0.0,6553000000.0
Gross Profit,0.0,0.0,0.0,0.0,0.0,0.0,0.0,0.0,0.0,896000000.0
R&D Expenses,0.0,0.0,0.0,0.0,0.0,0.0,0.0,0.0,0.0,0.0
SG&A Expense,0.0,0.0,0.0,0.0,0.0,0.0,0.0,0.0,0.0,0.0
Operating Expenses,0.0,0.0,0.0,0.0,0.0,0.0,0.0,0.0,0.0,0.0
Operating Income,2852000000.0,3068000000.0,3048000000.0,2831000000.0,3272000000.0,2339000000.0,3109000000.0,3101000000.0,1866000000.0,896000000.0
Interest Expense,963000000.0,901000000.0,888000000.0,871000000.0,1024000000.0,1006000000.0,961000000.0,898000000.0,593000000.0,387000000.0
Earnings before Tax,2285000000.0,1912000000.0,2550000000.0,1603000000.0,1583000000.0,1129000000.0,1537000000.0,1510000000.0,976000000.0,512000000.0
Income Tax Expense,458000000.0,784000000.0,648000000.0,465000000.0,781000000.0,180000000.0,545000000.0,691000000.0,263000000.0,105000000.0
Net Income - Non-Controlling int,0.0,0.0,0.0,0.0,0.0,0.0,0.0,0.0,0.0,19000000.0
Net Income - Discontinued ops,0.0,0.0,0.0,0.0,0.0,0.0,0.0,0.0,0.0,0.0
Net Income,1827000000.0,1128000000.0,1902000000.0,682000000.0,1737000000.0,1130000000.0,1526000000.0,1495000000.0,938000000.0,407000000.0
Preferred Dividends,0.0,0.0,0.0,0.0,0.0,0.0,4000000.0,16000000.0,0.0,0.0
Net Income Com,1827000000.0,1128000000.0,1902000000.0,682000000.0,1737000000.0,1130000000.0,1526000000.0,1495000000.0,938000000.0,407000000.0
EPS,2.59,1.64,2.8,1.01,2.64,1.85,2.61,2.71,2.17,1.08
EPS Diluted,2.58,1.64,2.79,1.01,2.61,1.76,2.6,2.7,2.17,1.08
Weighted Average Shs Out,704439000.0,685240000.0,677592000.0,669814000.0,653504000.0,608983000.0,580276000.0,550395000.0,431345000.0,377068461.0
Weighted Average Shs Out (Dil),708619000.0,687334000.0,680446000.0,672586000.0,665973000.0,663073000.0,581626000.0,550952000.0,431569000.0,376082000.0
Dividend per Share,1.59888459101,1.55964931169,1.51371306467,1.49274590907,1.45201081726,1.32413776462,1.43219182086,1.35401995092,1.31149364296,1.38
Gross Margin,0.0,0.0,0.0,0.0,0.0,0.0,0.0,0.0,0.0,0.1203
EBITDA Margin,0.516891457932,0.56035987646,0.539310895304,0.491980701526,0.411948865119,0.313827993255,0.357724238971,0.338855303447,0.311231076165,0.236
EBIT Margin,0.366345536288,0.411977977709,0.405480909937,0.369148520016,0.284546482303,0.197217537943,0.253052254599,0.243463924001,0.218988381645,0.1207
Profit Margin,0.234682080925,0.151470390761,0.253026473327,0.0889294562524,0.151056613619,0.0952782462057,0.124206413804,0.117374578001,0.110080976411,0.055
Free Cash Flow margin,-0.0535645472062,-0.0902376796025,-0.00399095383797,-0.119702699179,-0.0597443255935,-0.114249578415,-0.0277551684845,0.00157022846824,0.0511677033212,0.0842
EBITDA,4024000000.0,4173000000.0,4054000000.0,3773000000.0,4737000000.0,3722000000.0,4395000000.0,4316000000.0,2652000000.0,1759000000.0
EBIT,2852000000.0,3068000000.0,3048000000.0,2831000000.0,3272000000.0,2339000000.0,3109000000.0,3101000000.0,1866000000.0,899000000.0
Consolidated Income,1827000000.0,1128000000.0,1902000000.0,682000000.0,1737000000.0,1130000000.0,1526000000.0,1495000000.0,938000000.0,426000000.0
Earnings Before Tax Margin,0.293513166346,0.256747683631,0.339231076227,0.209023340722,0.137664144708,0.0951939291737,0.12510174182,0.118552249352,0.114540546884,0.0687
Net Profit Margin,0.234682080925,0.151470390761,0.253026473327,0.0889294562524,0.151056613619,0.0952782462057,0.124206413804,0.117374578001,0.110080976411,0.0546
