Date,2018-12-31,2017-12-31,2016-12-31,2015-12-31,2014-12-31,2013-12-31,2012-12-31,2011-12-31,2010-12-31,2009-12-31
Revenue,76554000.0,80637000.0,53390000.0,59517000.0,60923000.0,48118000.0,59710000.0,64609000.0,69529000.0,61093000.0
Revenue Growth,-0.0506343241936084,0.510339014796778,-0.102945376951123,-0.0230783119675656,0.26611662995137,-0.194138335287222,-0.075825349409525,-0.0707618403831495,0.138084559605847,-0.2826
Cost of Revenue,37076000.0,38873000.0,28322000.0,30224000.0,29142000.0,21708000.0,29862000.0,34242000.0,37366000.0,33798000.0
Gross Profit,39478000.0,41764000.0,25068000.0,29293000.0,31781000.0,26410000.0,29848000.0,30367000.0,32163000.0,27295000.0
R&D Expenses,22881000.0,21427000.0,19036000.0,24644000.0,25296000.0,20664000.0,20757000.0,22906000.0,22810000.0,20075000.0
SG&A Expense,19953000.0,20450000.0,13770000.0,14453000.0,15434000.0,13883000.0,14944000.0,15266000.0,15167000.0,13745000.0
Operating Expenses,44298000.0,43797000.0,35414000.0,39097000.0,40730000.0,34547000.0,35701000.0,38172000.0,38071000.0,34055000.0
Operating Income,-4820000.0,-2033000.0,-10346000.0,-9804000.0,-8949000.0,-8137000.0,-5853000.0,-7805000.0,-5908000.0,-6760000.0
Interest Expense,852000.0,878000.0,0.0,0.0,0.0,409000.0,417000.0,0.0,511000.0,522000.0
Earnings before Tax,-4173000.0,-3680000.0,-10752000.0,-10250000.0,-9442000.0,-8542000.0,-6265000.0,-6425000.0,-5022000.0,5578000.0
Income Tax Expense,448000.0,493000.0,355000.0,320000.0,518000.0,328000.0,-571000.0,141000.0,-5395000.0,-877000.0
Net Income - Non-Controlling int,0.0,0.0,0.0,0.0,0.0,0.0,0.0,0.0,0.0,0.0
Net Income - Discontinued ops,0.0,0.0,0.0,0.0,0.0,0.0,0.0,0.0,0.0,0.0
Net Income,-4621000.0,-4173000.0,-11107000.0,-10570000.0,-9960000.0,-8870000.0,-5694000.0,-6566000.0,373000.0,6455000.0
Preferred Dividends,0.0,0.0,0.0,0.0,0.0,0.0,0.0,0.0,0.0,0.0
Net Income Com,-4621000.0,-4173000.0,-11107000.0,-10570000.0,-9960000.0,-8870000.0,-5694000.0,-6566000.0,373000.0,6455000.0
EPS,-0.13,-0.13,-0.39,-0.42,-0.44,-0.45,-0.31,-0.4,0.03,0.48
EPS Diluted,-0.13,-0.13,-0.39,-0.42,-0.44,-0.45,-0.31,-0.4,0.03,0.47
Weighted Average Shs Out,35959000.0,31507000.0,28276000.0,25088000.0,22766000.0,19816000.0,18252000.0,16330000.0,13564942.0,13401164.0
Weighted Average Shs Out (Dil),35959000.0,31507000.0,28276000.0,25088000.0,22766000.0,19816000.0,18252000.0,16330000.0,13442000.0,13318000.0
Dividend per Share,0.0,0.0,0.0,0.0,0.0,0.0,0.0,0.0,0.0,0.0
Gross Margin,0.515688272331,0.517926014113,0.469526128488,0.492178705244,0.521658486943,0.548859054824,0.499882766706,0.470011917844,0.4626,0.4468
EBITDA Margin,0.0120045980615,0.0541934843806,-0.128863082974,-0.0930994505771,-0.0727968090869,-0.077476204331,-0.018723831854,-0.0409076134904,0.015,0.213
EBIT Margin,-0.062962092118,-0.0252117514292,-0.193781607043,-0.16472604466,-0.146890336983,-0.169105116588,-0.0980237816111,-0.120803603213,-0.0649,0.0998
Profit Margin,-0.06036261985,-0.0517504371442,-0.208035212587,-0.177596317019,-0.163485054905,-0.184338501185,-0.0953609110702,-0.101626708353,0.005,0.106
Free Cash Flow margin,-0.0149045118478,0.15128290983,-0.0287507023787,-0.0655611001899,0.0277071056908,-0.0369923936988,0.0298777424217,-0.0129238960516,-0.0166,0.0083
EBITDA,919000.0,4370000.0,-6880000.0,-5541000.0,-4435000.0,-3728000.0,-1118000.0,-2643000.0,1076000.0,13043000.0
EBIT,-4820000.0,-2033000.0,-10346000.0,-9804000.0,-8949000.0,-8137000.0,-5853000.0,-7805000.0,-4511000.0,6100000.0
Consolidated Income,-4621000.0,-4173000.0,-11107000.0,-10570000.0,-9960000.0,-8870000.0,-5694000.0,-6566000.0,373000.0,6455000.0
Earnings Before Tax Margin,-0.0545105415785,-0.0456366184258,-0.201386027346,-0.172219701934,-0.154982518917,-0.177521925267,-0.104923798359,-0.0994443498584,-0.0722,0.0913
Net Profit Margin,-0.06036261985,-0.0517504371442,-0.208035212587,-0.177596317019,-0.163485054905,-0.184338501185,-0.0953609110702,-0.101626708353,0.0054,0.1057
