Date,2018-12-31,2017-12-31,2016-12-31,2015-12-31,2014-12-31,2013-12-31,2012-12-31,2011-12-31,2010-12-31,2009-12-31
Revenue,224420336.0,165999610.0,137504610.0,114532976.0,106962556.0,107685786.0,745682.0,0.0,57806038.0,49233197.0
Revenue Growth,0.351932911167683,0.207229415799223,0.200567860910206,0.0707763565410685,-0.00671611386111812,143.412478777817,0.0,-1,0.174127245890613,-0.002
Cost of Revenue,0.0,0.0,0.0,0.0,0.0,0.0,0.0,0.0,0.0,0.0
Gross Profit,0.0,0.0,0.0,0.0,0.0,0.0,0.0,0.0,57806038.0,49233197.0
R&D Expenses,0.0,0.0,0.0,0.0,0.0,0.0,0.0,0.0,0.0,0.0
SG&A Expense,68994218.0,55722288.0,46317060.0,42967915.0,40337055.0,37510318.0,33274509.0,30365020.0,40809483.0,39806307.0
Operating Expenses,70686649.0,56722849.0,46317060.0,42967915.0,40337055.0,37510318.0,33274509.0,30365020.0,48549063.0,46937026.0
Operating Income,52134811.0,40652957.0,36589574.0,16927881.0,14952537.0,19556187.0,17640841.0,13998068.0,9256975.0,2296171.0
Interest Expense,40483657.0,19452037.0,11950958.0,13706529.0,16894128.0,17766521.0,19726613.0,23578392.0,0.0,0.0
Earnings before Tax,52134811.0,40652957.0,36589574.0,16739268.0,26661307.0,19556187.0,17640841.0,13998068.0,9035928.0,2019248.0
Income Tax Expense,9015112.0,4946450.0,8902787.0,3669242.0,3038970.0,4617942.0,4534601.0,3868199.0,2449249.0,247340.0
Net Income - Non-Controlling int,0.0,0.0,0.0,0.0,0.0,0.0,0.0,0.0,221047.0,276923.0
Net Income - Discontinued ops,0.0,0.0,0.0,0.0,0.0,0.0,0.0,0.0,0.0,0.0
Net Income,43119699.0,35706507.0,27686787.0,16927881.0,14952537.0,14938245.0,12617767.0,9691648.0,6586679.0,1771908.0
Preferred Dividends,0.0,0.0,0.0,0.0,1081877.0,3168302.0,3496085.0,5283885.0,4128104.0,3843924.0
Net Income Com,43119699.0,35706507.0,27686787.0,16927881.0,14952537.0,14938245.0,12617767.0,9691648.0,2458575.0,-2072016.0
EPS,2.92,2.68,2.2,1.64,1.75,2.13,1.88,0.93,0.54,-0.46
EPS Diluted,2.86,2.61,2.17,1.61,1.72,2.08,1.85,0.92,0.53,-0.46
Weighted Average Shs Out,14768687.0,13325128.0,12570767.0,10345286.0,7925220.0,5531948.0,4844776.0,4724781.0,4610682.0,4553290.0
Weighted Average Shs Out (Dil),15064730.0,13680472.0,12766003.0,10499841.0,8048661.0,5646926.0,4919559.0,4789026.0,4593096.0,4540792.0
Dividend per Share,0.219060746525,0.182322656704,0.155220157789,0.0744824612106,0.244091284252,0.719457984751,0.831161695591,0.0778364953542,0.08,0.08
Gross Margin,0.0,0.0,0.0,0.0,0.0,0.0,0.0,0.0,1.0,1.0
EBITDA Margin,0.252488589091,0.263634691672,0.284743915131,0.17630227298,0.167953110619,0.175107130666,21.5358691775,0.0,0.2,0.097
EBIT Margin,0.232308764568,0.244897906688,0.266097071218,0.147799189292,0.139792255899,0.181604162689,23.6573244359,0.0,0.1563,0.041
Profit Margin,0.192138109088,0.215099945114,0.201351700136,0.147799189292,0.139792255899,0.138720675726,16.9211098028,0.0,0.043,-0.042
Free Cash Flow margin,0.235333673148,0.168388823323,0.271630202071,0.224427653046,0.220301953143,0.274928577853,38.5995303628,0.0,0.2719,0.2295
EBITDA,56663574.0,43763256.0,39153601.0,20192424.0,17964694.0,18856549.0,16058910.0,19942642.0,11569525.0,4799438.0
EBIT,52134811.0,40652957.0,36589574.0,16927881.0,14952537.0,19556187.0,17640841.0,13998068.0,9035928.0,2019248.0
Consolidated Income,43119699.0,35706507.0,27686787.0,16927881.0,14952537.0,14938245.0,12617767.0,9691648.0,6807726.0,2048831.0
Earnings Before Tax Margin,0.232308764568,0.244897906688,0.266097071218,0.146152388461,0.249258319893,0.181604162689,23.6573244359,0.0,0.1563,0.041
Net Profit Margin,0.192138109088,0.215099945114,0.201351700136,0.147799189292,0.139792255899,0.138720675726,16.9211098028,0.0,0.1139,0.036
