Date,2018-12-31,2017-12-31,2016-12-31,2015-12-31,2014-12-31,2013-12-31,2012-12-31,2011-12-31,2010-12-31,2009-12-31
Revenue,478000.0,154000.0,19630000.0,23818000.0,45685000.0,41513000.0,67243000.0,134000000.0,77362000.0,19808000.0
Revenue Growth,2.1038961038961,-0.992154865002547,-0.175833403308422,-0.478647258399912,0.10049863898056,-0.382642059396517,-0.498186567164179,0.73211654300561,2.90559369951535,-0.4765
Cost of Revenue,3862000.0,10552000.0,45638000.0,46961000.0,75372000.0,63434000.0,67283000.0,64365000.0,36205000.0,23427000.0
Gross Profit,16000.0,-5508000.0,-26008000.0,-23143000.0,-29687000.0,-21921000.0,-40000.0,69635000.0,41157000.0,-3619000.0
R&D Expenses,122000.0,962000.0,2550000.0,2210000.0,1861000.0,2263000.0,2274000.0,1806000.0,1079000.0,801000.0
SG&A Expense,2626000.0,5285000.0,9139000.0,10952000.0,11331000.0,10150000.0,10703000.0,12994000.0,11150000.0,5948000.0
Operating Expenses,2748000.0,6247000.0,11689000.0,13162000.0,13192000.0,12413000.0,12977000.0,14800000.0,12463000.0,6749000.0
Operating Income,635000.0,-17924000.0,-62717000.0,-75949000.0,-43613000.0,-34884000.0,-13036000.0,54751000.0,28694000.0,-10368000.0
Interest Expense,0.0,0.0,99000.0,109000.0,95000.0,95000.0,0.0,0.0,0.0,2000.0
Earnings before Tax,987000.0,-17763000.0,-63102000.0,-77856000.0,-43915000.0,-35511000.0,-12586000.0,54633000.0,29040000.0,-9630000.0
Income Tax Expense,24000.0,88000.0,-223000.0,-26000.0,78000.0,-5160000.0,-7048000.0,16574000.0,-71000.0,0.0
Net Income - Non-Controlling int,0.0,0.0,0.0,0.0,0.0,0.0,0.0,0.0,0.0,0.0
Net Income - Discontinued ops,0.0,0.0,0.0,0.0,0.0,0.0,0.0,0.0,0.0,0.0
Net Income,963000.0,-17851000.0,-62879000.0,-77830000.0,-43993000.0,-30351000.0,-5538000.0,38059000.0,29111000.0,-9630000.0
Preferred Dividends,0.0,0.0,0.0,0.0,0.0,0.0,0.0,0.0,0.0,0.0
Net Income Com,963000.0,-17851000.0,-62879000.0,-77830000.0,-43993000.0,-30351000.0,-5538000.0,38059000.0,29111000.0,-9630000.0
EPS,0.35,-6.6,-2.39,-2.98,-1.7,-1.35,-0.25,1.67,13.4,-4.8
EPS Diluted,0.35,-6.6,-2.39,-2.98,-1.7,-1.35,-0.25,1.61,12.8,-4.8
Weighted Average Shs Out,2729548.0,2702926.0,26356359.0,26156170.0,25815405.0,22572212.0,22523951.0,22852205.0,2293705.0,2005329.0
Weighted Average Shs Out (Dil),2734721.0,2702926.0,26356359.0,26156170.0,25815405.0,22572212.0,22523951.0,23596162.0,2172609.0,2011754.0
Dividend per Share,0.0,0.0,0.0,0.0,0.0,0.0,0.0,0.0,0.0,0.0
Gross Margin,0.0334728033473,-35.7662337662,-1.32491085074,-0.971660089008,-0.649819415563,-0.528051453761,-0.000594857457282,0.519664179104,0.532,-0.1827
EBITDA Margin,2.07112970711,-108.772727273,-2.88420784513,-2.70992526661,-0.65614534311,-0.535350372173,-0.0150052793599,0.481156716418,0.454,-0.216
EBIT Margin,1.32845188285,-116.38961039,-3.19495669893,-3.18872281468,-0.954645945059,-0.840315082022,-0.193864045328,0.408589552239,0.3754,-0.4861
Profit Margin,2.01464435146,-115.915584416,-3.20320937341,-3.26769669997,-0.962963773668,-0.731120371932,-0.0823580149607,0.28402238806,0.376,-0.486
Free Cash Flow margin,-7.0,-13.2077922078,-0.814518593989,-0.741330086489,-0.570515486484,-0.200154168574,-0.203932007793,-0.17623880597,-0.3261,-0.4454
EBITDA,990000.0,-16751000.0,-56617000.0,-64545000.0,-29976000.0,-22224000.0,-1009000.0,64475000.0,35106000.0,-4286000.0
EBIT,635000.0,-17924000.0,-62717000.0,-75949000.0,-43613000.0,-34884000.0,-13036000.0,54751000.0,29040000.0,-9628000.0
Consolidated Income,963000.0,-17851000.0,-62879000.0,-77830000.0,-43993000.0,-30351000.0,-5538000.0,38059000.0,29111000.0,-9630000.0
Earnings Before Tax Margin,2.06485355649,-115.344155844,-3.21456953642,-3.26878831136,-0.9612564299,-0.855418784477,-0.187171898934,0.407708955224,0.3754,-0.4862
Net Profit Margin,2.01464435146,-115.915584416,-3.20320937341,-3.26769669997,-0.962963773668,-0.731120371932,-0.0823580149607,0.28402238806,0.3763,-0.4862
