Date,2018-12-31,2017-12-31,2016-12-31,2015-12-31,2014-12-31,2013-12-31,2012-12-31,2011-12-31,2010-12-31,2009-12-31
Revenue,2660465000.0,2702540000.0,2963252000.0,3278420000.0,3157796000.0,3104183000.0,3082646000.0,2882184000.0,2731632000.0,2751956000.0
Revenue Growth,-0.0155686872349715,-0.0879817173834692,-0.0961341133838861,0.03819879434897,0.0172712111367146,0.00698653040277735,0.069552117422066,0.0551143052944174,-0.00738529249740912,-0.0458
Cost of Revenue,972297000.0,983998000.0,1028203000.0,1160311000.0,973433000.0,954737000.0,948729000.0,829668000.0,2279351000.0,763958000.0
Gross Profit,1688168000.0,1718542000.0,1935049000.0,2118109000.0,2184363000.0,2149446000.0,2133917000.0,2052516000.0,452281000.0,1987998000.0
R&D Expenses,0.0,0.0,0.0,0.0,0.0,0.0,0.0,0.0,0.0,0.0
SG&A Expense,163445000.0,171090000.0,168907000.0,166102000.0,162316000.0,158424000.0,148500000.0,136141000.0,126319000.0,1693700000.0
Operating Expenses,1632031000.0,1781601000.0,2001645000.0,3125997000.0,1990901000.0,1903277000.0,1815445000.0,1759359000.0,2427863000.0,1691674000.0
Operating Income,56137000.0,-63059000.0,-66596000.0,-1007888000.0,193462000.0,246169000.0,318472000.0,293157000.0,303769000.0,296324000.0
Interest Expense,42968000.0,45996000.0,47181000.0,49326000.0,47843000.0,39628000.0,32065000.0,37234000.0,26766000.0,26791000.0
Earnings before Tax,13841000.0,-110200000.0,-113274000.0,-1056580000.0,142353000.0,207356000.0,287249000.0,256550000.0,274757000.0,270370000.0
Income Tax Expense,5349000.0,-116853000.0,-8079000.0,-189952000.0,45931000.0,79118000.0,103757000.0,91913000.0,103115000.0,102515000.0
Net Income - Non-Controlling int,0.0,0.0,0.0,0.0,0.0,0.0,0.0,0.0,0.0,0.0
Net Income - Discontinued ops,0.0,0.0,0.0,0.0,0.0,0.0,0.0,0.0,0.0,0.0
Net Income,8492000.0,6653000.0,-105195000.0,-866628000.0,96422000.0,128238000.0,183492000.0,164637000.0,171642000.0,167855000.0
Preferred Dividends,0.0,0.0,0.0,0.0,0.0,0.0,0.0,0.0,0.0,0.0
Net Income Com,8492000.0,6653000.0,-105195000.0,-866628000.0,96422000.0,128238000.0,183492000.0,164637000.0,171642000.0,167855000.0
EPS,0.16,0.12,-1.98,-16.34,1.82,2.34,3.11,2.69,2.64,2.54
EPS Diluted,0.16,0.12,-1.98,-16.34,1.81,2.32,3.09,2.66,2.6,2.52
Weighted Average Shs Out,53471000.0,53282000.0,53121000.0,53050000.0,52850000.0,54804000.0,0.0,61188000.0,0.0,66105786.0
Weighted Average Shs Out (Dil),54542000.0,53844000.0,53121000.0,53050000.0,53126000.0,55162000.0,0.0,61889000.0,0.0,66105786.0
Dividend per Share,0.0,0.237928088552,0.481052691026,0.961564561734,0.915992169559,0.848573293209,0.0,0.434503708252,0.0,0.0
Gross Margin,0.634538699062,0.635898821109,0.653015335854,0.646076158637,0.691736578297,0.692435336448,0.692235501579,0.712139127828,0.165571716834,0.7224
EBITDA Margin,0.281035082213,0.237009257957,0.226861569654,-0.0631096686819,0.305116923322,0.317301202925,0.331379924909,0.31987721811,0.320973322907,0.321
EBIT Margin,0.0211004467264,-0.0233332346607,-0.0224739576654,-0.3074310186,0.0612648822153,0.0793023478319,0.103311246248,0.101713492268,0.111204217845,0.108
Profit Margin,0.00319192321643,0.00246175819784,-0.0354998494897,-0.264343189707,0.0305345880481,0.0413113531,0.0595241879866,0.0571223072503,0.0628349645926,0.061
Free Cash Flow margin,0.0750030539774,0.0166780140164,0.0987401678966,0.0456372276889,-0.0204801070113,0.00836774120598,0.0374499699284,0.0534025586153,0.0452044784949,0.0961
EBITDA,747684000.0,640527000.0,672248000.0,-206900000.0,963497000.0,984961000.0,1021527000.0,921945000.0,876781000.0,883343000.0
EBIT,56137000.0,-63059000.0,-66596000.0,-1007888000.0,193462000.0,246169000.0,318472000.0,293157000.0,303769000.0,297161000.0
Consolidated Income,8492000.0,6653000.0,-105195000.0,-866628000.0,96422000.0,128238000.0,183492000.0,164637000.0,171642000.0,167855000.0
Earnings Before Tax Margin,0.0052024740036,-0.0407764547426,-0.0382262460297,-0.322283295002,0.0450798594969,0.0667988968434,0.0931826100045,0.0890123600714,0.10058346073,0.0982
Net Profit Margin,0.00319192321643,0.00246175819784,-0.0354998494897,-0.264343189707,0.0305345880481,0.0413113531,0.0595241879866,0.0571223072503,0.0628349645926,0.061
