Date,2018-12-31,2017-12-31,2016-12-31,2015-12-31,2014-12-31,2013-12-31,2012-12-31,2011-12-31,2010-12-31,2009-12-31
Revenue,9493849000.0,8777845000.0,8496401000.0,8299074000.0,8073855000.0,7959894000.0,7688024000.0,7537263000.0,6752504000.0,5889826000.0
Revenue Growth,0.0815694512719238,0.0331250843739602,0.0237769900593729,0.0278948532020949,0.0143168991948888,0.0353627928320723,0.0200020882912007,0.116217480211785,0.146469182621015,-0.0984
Cost of Revenue,5262207000.0,4836881000.0,4828842000.0,5329742000.0,5005460000.0,4930671000.0,5122183000.0,4552382000.0,4102591000.0,4071102000.0
Gross Profit,4231642000.0,3940964000.0,3667559000.0,2969332000.0,3068395000.0,3029223000.0,2565841000.0,2984881000.0,2649913000.0,1818724000.0
R&D Expenses,0.0,0.0,0.0,0.0,0.0,0.0,0.0,0.0,0.0,0.0
SG&A Expense,1303144000.0,1186016000.0,1100290000.0,1086504000.0,1048952000.0,1044819000.0,1011543000.0,960602000.0,848079000.0,761999000.0
Operating Expenses,1303144000.0,2196908000.0,2190354000.0,2094430000.0,2126536000.0,2231075000.0,2162731000.0,2053253000.0,1847280000.0,1330213000.0
Operating Income,1894801000.0,1744056000.0,1477205000.0,874902000.0,941859000.0,798148000.0,403110000.0,931628000.0,802633000.0,488511000.0
Interest Expense,333672000.0,299982000.0,307370000.0,277725000.0,258299000.0,332422000.0,355785000.0,382416000.0,339393000.0,309948000.0
Earnings before Tax,1522323000.0,0.0,0.0,0.0,0.0,0.0,0.0,0.0,0.0,152485000.0
Income Tax Expense,20900000.0,18300000.0,20100000.0,11100000.0,-20900000.0,-24900000.0,55500000.0,-20700000.0,0.0,0.0
Net Income - Non-Controlling int,0.0,0.0,0.0,0.0,0.0,0.0,0.0,0.0,0.0,0.0
Net Income - Discontinued ops,0.0,0.0,0.0,0.0,0.0,0.0,0.0,0.0,0.0,0.0
Net Income,1811042000.0,1625133000.0,1283388000.0,665783000.0,764146000.0,473692000.0,18287000.0,607421000.0,547467000.0,152485000.0
Preferred Dividends,0.0,0.0,0.0,0.0,0.0,0.0,0.0,0.0,0.0,0.0
Net Income Com,1811042000.0,1625133000.0,1283388000.0,665783000.0,764146000.0,473692000.0,18287000.0,607421000.0,547467000.0,152485000.0
EPS,8.6,7.57,5.96,3.03,3.45,2.16,0.08,2.8,2.55,0.71
EPS Diluted,8.56,7.53,5.93,3.02,3.43,2.14,0.08,2.77,2.51,0.71
Weighted Average Shs Out,210570000.0,214617000.0,215393000.0,219537000.0,221658000.0,219638000.0,217930000.0,216983000.0,0.0,213918139.0
Weighted Average Shs Out (Dil),211554000.0,215694000.0,216316000.0,220689000.0,223044000.0,220941000.0,219457000.0,219229000.0,0.0,213918139.0
Dividend per Share,2.49342484661,2.02812781069,1.6017631613,1.26971439446,0.891985437851,0.650078527752,0.536355641424,0.0990151850348,0.0,0.0
Gross Margin,0.445724594946,0.448967143986,0.431660299461,0.357790760752,0.380040885054,0.380560721035,0.333745186019,0.396016564634,0.392434125178,0.3088
EBITDA Margin,0.312884268541,0.312285418574,0.285404961465,0.205072276738,0.212327816142,0.195085386815,0.147450502236,0.216796733775,0.214194467712,0.175
EBIT Margin,0.19958196091,0.19868840245,0.173862438931,0.105421641017,0.116655426683,0.100271184516,0.052433499167,0.123602957731,0.118864498266,0.0785
Profit Margin,0.190759511764,0.18514031633,0.151050780207,0.0802237695434,0.0946445037717,0.0595098376938,0.00237863461404,0.0805890679415,0.0810761459749,0.026
Free Cash Flow margin,-0.0190532838683,0.263211300724,0.00262781853163,0.0401280913991,-0.00837753464733,0.0814446775296,0.0117370861485,0.0374291039068,-0.077626018437,-0.2278
EBITDA,2970476000.0,2741193000.0,2424915000.0,1701910000.0,1714304000.0,1552859000.0,1133603000.0,1634054000.0,1446349000.0,1030647000.0
EBIT,1894801000.0,1744056000.0,1477205000.0,874902000.0,941859000.0,798148000.0,403110000.0,931628000.0,802633000.0,462433000.0
Consolidated Income,1811042000.0,1625133000.0,1283388000.0,665783000.0,764146000.0,473692000.0,18287000.0,607421000.0,547467000.0,152485000.0
Earnings Before Tax Margin,0.160348347651,0.0,0.0,0.0,0.0,0.0,0.0,0.0,0.0,0.0259
Net Profit Margin,0.190759511764,0.18514031633,0.151050780207,0.0802237695434,0.0946445037717,0.0595098376938,0.00237863461404,0.0805890679415,0.0810761459749,0.0259
