Date,2018-12-31,2017-12-31,2016-12-31,2015-12-31,2014-12-31,2013-12-31,2012-12-31,2011-12-31,2010-12-31,2009-12-31
Revenue,2200000000.0,1308000000.0,1201000000.0,958000000.0,1192000000.0,1684000000.0,1097000000.0,0.0,0.0,2517000000.0
Revenue Growth,0.681957186544342,0.0890924229808493,0.253653444676409,-0.196308724832215,-0.292161520190024,0.535095715587967,0.0,0.0,-1,-0.482
Cost of Revenue,0.0,0.0,0.0,0.0,0.0,0.0,0.0,0.0,0.0,0.0
Gross Profit,0.0,0.0,0.0,0.0,0.0,0.0,0.0,0.0,0.0,2517000000.0
R&D Expenses,0.0,0.0,0.0,0.0,0.0,0.0,0.0,0.0,0.0,0.0
SG&A Expense,1947000000.0,1954000000.0,1913000000.0,1883000000.0,1810000000.0,1818000000.0,1763000000.0,1604000000.0,2318000000.0,2338000000.0
Operating Expenses,1947000000.0,1954000000.0,1913000000.0,1883000000.0,1810000000.0,1818000000.0,1763000000.0,1604000000.0,2318000000.0,3710000000.0
Operating Income,1955000000.0,1871000000.0,1672000000.0,1530000000.0,1599000000.0,1122000000.0,1120000000.0,161000000.0,-885000000.0,-1193000000.0
Interest Expense,602000000.0,373000000.0,313000000.0,268000000.0,309000000.0,384000000.0,603000000.0,842000000.0,1257000000.0,0.0
Earnings before Tax,1955000000.0,1871000000.0,1672000000.0,1530000000.0,1599000000.0,738000000.0,1254000000.0,161000000.0,-885000000.0,-1455000000.0
Income Tax Expense,387000000.0,614000000.0,514000000.0,455000000.0,457000000.0,452000000.0,482000000.0,-28000000.0,-346000000.0,-194000000.0
Net Income - Non-Controlling int,0.0,0.0,0.0,0.0,0.0,0.0,0.0,0.0,0.0,230000000.0
Net Income - Discontinued ops,0.0,0.0,0.0,0.0,0.0,0.0,0.0,0.0,0.0,-43000000.0
Net Income,1759000000.0,1263000000.0,1163000000.0,1062000000.0,1155000000.0,1122000000.0,1120000000.0,-215000000.0,-539000000.0,-1261000000.0
Preferred Dividends,64000000.0,64000000.0,64000000.0,64000000.0,52000000.0,32000000.0,129000000.0,214000000.0,184000000.0,0.0
Net Income Com,1759000000.0,1263000000.0,1163000000.0,1062000000.0,1155000000.0,1122000000.0,1120000000.0,-215000000.0,-539000000.0,-1261000000.0
EPS,1.55,1.01,0.87,0.75,0.8,0.78,0.72,-0.34,-0.62,-1.27
EPS Diluted,1.54,1.0,0.87,0.75,0.8,0.77,0.71,-0.34,-0.62,-1.27
Weighted Average Shs Out,1092000000.0,1186000000.0,1255000000.0,1325000000.0,1375000000.0,1395000000.0,1381000000.0,1258000000.0,1227000000.0,1188032000.0
Weighted Average Shs Out (Dil),1102000000.0,1198000000.0,1261000000.0,1334000000.0,1387000000.0,1410000000.0,1387000000.0,1258000000.0,1227000000.0,989000000.0
Dividend per Share,0.410163339383,0.288814691152,0.25138778747,0.227886056972,0.178082191781,0.0978723404255,0.0389329488104,0.0405405405405,0.039934800326,0.13
Gross Margin,0.0,0.0,0.0,0.0,0.0,0.0,0.0,0.0,0.0,1.0
EBITDA Margin,1.09863636364,1.84097859327,1.87010824313,2.14300626305,1.78020134228,1.04928741093,1.67456700091,0.0,0.0,-0.369
EBIT Margin,0.888636363636,1.43042813456,1.39217318901,1.59707724426,1.34144295302,0.666270783848,1.02096627165,0.0,0.0,-0.5781
Profit Margin,0.799545454545,0.965596330275,0.96835970025,1.10855949896,0.968959731544,0.666270783848,1.02096627165,0.0,0.0,-0.501
Free Cash Flow margin,1.03409090909,1.74847094801,1.62614487927,1.59603340292,1.75838926174,2.25593824228,2.22515952598,0.0,0.0,0.7163
EBITDA,2417000000.0,2408000000.0,2246000000.0,2053000000.0,2122000000.0,1767000000.0,1837000000.0,26000000.0,-153000000.0,-928000000.0
EBIT,1955000000.0,1871000000.0,1672000000.0,1530000000.0,1599000000.0,1122000000.0,1120000000.0,161000000.0,-885000000.0,-1455000000.0
Consolidated Income,1759000000.0,1263000000.0,1163000000.0,1062000000.0,1155000000.0,1122000000.0,1120000000.0,-215000000.0,-539000000.0,-1031000000.0
Earnings Before Tax Margin,0.888636363636,1.43042813456,1.39217318901,1.59707724426,1.34144295302,0.438242280285,1.14311759344,0.0,0.0,-0.5781
Net Profit Margin,0.799545454545,0.965596330275,0.96835970025,1.10855949896,0.968959731544,0.666270783848,1.02096627165,0.0,0.0,-0.501
