Date,2018-12-31,2017-12-31,2016-12-31,2015-12-31,2014-12-31,2013-12-31,2012-12-31,2011-12-31,2011-03-31,2010-03-31
Revenue,194032000.0,141236000.0,104541000.0,83537000.0,63548349.0,68169623.0,62266536.0,0.0,27291024.0,20971069.0
Revenue Growth,0.373814041745731,0.351010608278092,0.25143349653447,0.314542412423649,-0.0677908105784889,0.0948035233564302,0.0,-1,0.301365419187739,-0.2858
Cost of Revenue,86531000.0,67050000.0,50359000.0,39334000.0,30094028.0,22572313.0,25253876.0,0.0,7117425.0,5506170.0
Gross Profit,107501000.0,74186000.0,54182000.0,44203000.0,33454321.0,45597310.0,37012660.0,0.0,20173599.0,15464899.0
R&D Expenses,15821000.0,8672000.0,7355000.0,5740000.0,5608693.0,7340698.0,10489811.0,0.0,12528819.0,14159721.0
SG&A Expense,65692000.0,51509000.0,30853000.0,24699000.0,17154555.0,12701195.0,13226732.0,0.0,8018851.0,7071859.0
Operating Expenses,81513000.0,60181000.0,38208000.0,30439000.0,22763248.0,22724070.0,25929547.0,0.0,20547670.0,21231580.0
Operating Income,25988000.0,14005000.0,15974000.0,13764000.0,10691073.0,22873240.0,11083113.0,0.0,-374071.0,-5766681.0
Interest Expense,6709000.0,6441000.0,3768000.0,32000.0,49957.0,49849.0,56714.0,0.0,26167.0,1972.0
Earnings before Tax,21436000.0,7248000.0,11692000.0,13423000.0,11138583.0,23013821.0,11271406.0,0.0,-43509.0,-4898610.0
Income Tax Expense,4819000.0,-21105000.0,11000.0,4078000.0,2968369.0,6920666.0,-2884631.0,0.0,0.0,-834766.0
Net Income - Non-Controlling int,0.0,0.0,0.0,0.0,0.0,0.0,0.0,0.0,0.0,0.0
Net Income - Discontinued ops,0.0,0.0,0.0,0.0,0.0,0.0,0.0,0.0,0.0,0.0
Net Income,16617000.0,28353000.0,11681000.0,9345000.0,8170214.0,16093155.0,14156037.0,0.0,-43509.0,-4063844.0
Preferred Dividends,0.0,0.0,0.0,0.0,0.0,0.0,0.0,0.0,0.0,0.0
Net Income Com,16617000.0,28353000.0,11681000.0,9345000.0,8170214.0,16093155.0,14156037.0,0.0,-43509.0,-4063844.0
EPS,0.38,0.74,0.35,0.28,0.25,0.51,0.46,0.0,0.0,-0.13
EPS Diluted,0.37,0.72,0.34,0.28,0.25,0.5,0.45,0.0,0.0,-0.13
Weighted Average Shs Out,43767.0,38233527.0,33572883.0,32881940.0,32497657.0,31667015.0,30914424.0,0.0,30787307.0,30761807.0
Weighted Average Shs Out (Dil),45471.0,39150374.0,34098898.0,33577091.0,33263667.0,32406641.0,31253434.0,0.0,30781881.0,30752041.0
Dividend per Share,0.0,0.0,0.0,0.0,0.0,0.0,0.0,0.0,0.0,0.0
Gross Margin,0.554037478354,0.525262680903,0.51828469213,0.529142775058,0.526438869403,0.66888018436,0.594422981873,0.0,0.7392,0.7374
EBITDA Margin,0.23714645007,0.201712028095,0.225576568045,0.219758909226,0.231484534712,0.381212787402,0.234342649156,0.0,0.061,-0.168
EBIT Margin,0.13393667024,0.0991602707525,0.152801293272,0.164765313574,0.168235259739,0.335534201209,0.177994693651,0.0,-0.0006,-0.2335
Profit Margin,0.0856405129051,0.200749100796,0.111736065276,0.111866598034,0.128566896364,0.236075165034,0.227345825051,0.0,-0.002,-0.194
Free Cash Flow margin,0.11407912097,0.0849429323968,0.0305717374045,0.148736488023,0.201401786221,0.312385342075,0.195545822559,0.0,0.0992,-0.1452
EBITDA,46014000.0,28489000.0,23582000.0,18358000.0,14710460.0,25987132.0,14591705.0,0.0,1657186.0,-3517639.0
EBIT,25988000.0,14005000.0,15974000.0,13764000.0,10691073.0,22873240.0,11083113.0,0.0,-17342.0,-4896638.0
Consolidated Income,16617000.0,28353000.0,11681000.0,9345000.0,8170214.0,16093155.0,14156037.0,0.0,-43509.0,-4063844.0
Earnings Before Tax Margin,0.110476622413,0.0513183607579,0.11184128715,0.160683290039,0.175277299494,0.33759642473,0.181018677512,0.0,-0.0016,-0.2336
Net Profit Margin,0.0856405129051,0.200749100796,0.111736065276,0.111866598034,0.128566896364,0.236075165034,0.227345825051,0.0,-0.0016,-0.1938
