Date,2018-12-31,2017-12-31,2016-12-31,2015-12-31,2014-12-31,2013-12-31,2012-12-31,2011-12-31,2010-12-31,2009-12-31
Revenue,879091000.0,821043000.0,656314000.0,641443000.0,610911000.0,537482000.0,498761000.0,553150000.0,373230000.0,291597000.0
Revenue Growth,0.0707003165485851,0.25099114143535,0.0231836655790148,0.0499778200097887,0.136616668093071,0.0776343779886559,-0.0983259513694296,0.482061999303379,0.279951439829628,-0.2019
Cost of Revenue,568308000.0,502468000.0,406829000.0,406081000.0,376972000.0,349782000.0,340015000.0,374070000.0,236281000.0,209369000.0
Gross Profit,310783000.0,318575000.0,249485000.0,235362000.0,233939000.0,187700000.0,158746000.0,179080000.0,136949000.0,82228000.0
R&D Expenses,33075000.0,29547000.0,28582000.0,27644000.0,22878000.0,21646000.0,19311000.0,21617000.0,17754000.0,17394000.0
SG&A Expense,164046000.0,160011000.0,136317000.0,131463000.0,125244000.0,106398000.0,99689000.0,104219000.0,87620000.0,68000000.0
Operating Expenses,197121000.0,189558000.0,164899000.0,159107000.0,148122000.0,128044000.0,119000000.0,125836000.0,105374000.0,108055000.0
Operating Income,112711000.0,130779000.0,83852000.0,76255000.0,80427000.0,49280000.0,25664000.0,52803000.0,31575000.0,-25827000.0
Interest Expense,0.0,0.0,0.0,0.0,0.0,0.0,0.0,0.0,-184000.0,-377000.0
Earnings before Tax,110589000.0,132925000.0,82280000.0,66173000.0,80410000.0,48885000.0,22650000.0,55088000.0,40421000.0,-20121000.0
Income Tax Expense,22938000.0,52466000.0,33997000.0,19853000.0,27527000.0,11226000.0,-46484000.0,11282000.0,5850000.0,42749000.0
Net Income - Non-Controlling int,0.0,0.0,0.0,0.0,0.0,0.0,0.0,0.0,0.0,0.0
Net Income - Discontinued ops,0.0,0.0,0.0,0.0,0.0,0.0,0.0,0.0,3980000.0,3733000.0
Net Income,87651000.0,80459000.0,48283000.0,46320000.0,52883000.0,37761000.0,68685000.0,37055000.0,34571000.0,-62870000.0
Preferred Dividends,0.0,0.0,0.0,0.0,0.0,0.0,0.0,0.0,0.0,0.0
Net Income Com,87651000.0,80459000.0,48283000.0,46320000.0,52883000.0,37761000.0,68685000.0,37055000.0,34571000.0,-62870000.0
EPS,4.77,4.43,2.68,2.52,2.91,2.2,4.18,2.31,2.19,-4.01
EPS Diluted,4.7,4.34,2.65,2.48,2.83,2.13,4.04,2.21,2.16,-4.01
Weighted Average Shs Out,18374000.0,18154000.0,17991000.0,18371000.0,18177178.0,17197840.0,16426209.0,16035882.0,15825852.0,15741113.0
Weighted Average Shs Out (Dil),18659000.0,18547000.0,18223000.0,18680000.0,18697778.0,17768075.0,16991158.0,16737711.0,15800913.0,15691579.0
Dividend per Share,0.0,0.0,0.0,0.0,0.0,0.0,0.0,0.0,0.0,0.0
Gross Margin,0.353527678022,0.388012564506,0.380130547269,0.366925821936,0.382934666424,0.349220997168,0.318280699574,0.323745819398,0.3669,0.282
EBITDA Margin,0.185173093571,0.212994934492,0.185428011592,0.171970073724,0.174649007793,0.140713549477,0.105850297036,0.143019072584,0.15,-0.011
EBIT Margin,0.128213120143,0.159283983908,0.127762016352,0.11888039935,0.131650927877,0.0916867913716,0.0514555067457,0.0954587363283,0.1078,-0.0703
Profit Margin,0.0997064012713,0.0979960854669,0.0735669207117,0.0722121840912,0.0865641640108,0.070255375994,0.137711248474,0.0669890626412,0.093,-0.216
Free Cash Flow margin,0.0224151993366,0.136128071246,0.150584933431,0.07652277755,0.0924062588495,0.113782415039,0.0326108095862,-0.00805387327126,0.0898,-0.0325
EBITDA,162784000.0,174878000.0,121699000.0,110309000.0,106695000.0,75631000.0,52794000.0,79111000.0,55937000.0,-3286000.0
EBIT,112711000.0,130779000.0,83852000.0,76255000.0,80427000.0,49280000.0,25664000.0,52803000.0,40237000.0,-20498000.0
Consolidated Income,87651000.0,80459000.0,48283000.0,46320000.0,52883000.0,37761000.0,68685000.0,37055000.0,34571000.0,-62870000.0
Earnings Before Tax Margin,0.125799263102,0.161897732518,0.125366821369,0.103162712821,0.131623100583,0.0909518830398,0.0454125322549,0.0995896230679,0.1083,-0.069
Net Profit Margin,0.0997064012713,0.0979960854669,0.0735669207117,0.0722121840912,0.0865641640108,0.070255375994,0.137711248474,0.0669890626412,0.0926,-0.2156
