Date,2018-12-31,2017-12-31,2016-12-31,2015-12-31,2014-12-31,2013-12-31,2012-12-31,2011-12-31,2010-12-31,2009-12-31
Revenue,5191200000.0,4607471000.0,3789925000.0,3582395000.0,3549494000.0,3238128000.0,2993489000.0,2797089000.0,2386112000.0,2049668000.0
Revenue Growth,0.126691844614974,0.215715614425088,0.0579305185497412,0.00926920851253728,0.0961561741845906,0.0817237010057495,0.0702158565565844,0.172237095324947,0.164145607971632,-0.1113
Cost of Revenue,1911700000.0,1742675000.0,1457515000.0,1417749000.0,1447595000.0,1355200000.0,1321772000.0,1281525000.0,1110986000.0,1006530000.0
Gross Profit,3279500000.0,2864796000.0,2332410000.0,2164646000.0,2101899000.0,1882928000.0,1671717000.0,1515564000.0,1275126000.0,1043138000.0
R&D Expenses,0.0,0.0,0.0,0.0,0.0,0.0,0.0,0.0,0.0,0.0
SG&A Expense,3766200000.0,3309104000.0,2555694000.0,2273456000.0,2204852000.0,2081134000.0,1828260000.0,1710050000.0,1521664000.0,647742000.0
Operating Expenses,3766200000.0,3309104000.0,2555694000.0,2273456000.0,2204852000.0,2081134000.0,1828260000.0,1710050000.0,1521664000.0,647742000.0
Operating Income,1396400000.0,1210244000.0,1054563000.0,1027918000.0,999473000.0,842361000.0,757587000.0,660539000.0,514294000.0,395396000.0
Interest Expense,254000000.0,62951000.0,282007000.0,306278000.0,275423000.0,215837000.0,203321000.0,177740000.0,125814000.0,58544000.0
Earnings before Tax,1198400000.0,1034723000.0,940652000.0,1002345000.0,921456000.0,754130000.0,686681000.0,604987000.0,448394000.0,339768000.0
Income Tax Expense,254000000.0,62951000.0,282007000.0,306278000.0,275423000.0,215837000.0,203321000.0,177740000.0,125814000.0,100287000.0
Net Income - Non-Controlling int,0.0,0.0,0.0,0.0,0.0,0.0,0.0,0.0,0.0,0.0
Net Income - Discontinued ops,0.0,0.0,0.0,0.0,0.0,0.0,0.0,0.0,0.0,0.0
Net Income,944400000.0,971772000.0,658645000.0,696067000.0,646033000.0,538293000.0,483360000.0,427247000.0,322580000.0,239481000.0
Preferred Dividends,0.0,0.0,0.0,0.0,0.0,0.0,0.0,0.0,0.0,0.0
Net Income Com,944400000.0,971772000.0,658645000.0,696067000.0,646033000.0,538293000.0,483360000.0,427247000.0,322580000.0,239481000.0
EPS,9.15,9.51,6.5,6.92,6.47,5.43,4.95,4.45,3.42,2.64
EPS Diluted,9.05,9.39,6.43,6.85,6.4,5.37,4.86,4.34,3.34,2.58
Weighted Average Shs Out,103200000.0,102168000.0,101291000.0,100616000.0,99916000.0,99123000.0,97702000.0,95959000.0,94242000.0,91054995.0
Weighted Average Shs Out (Dil),103200000.0,102168000.0,101291000.0,100616000.0,99916000.0,99123000.0,97702000.0,95959000.0,94242000.0,90685000.0
Dividend per Share,1.64825581395,1.3972378827,1.19586142895,0.997197264849,0.799261379559,0.495263460549,0.715471535895,0.438624829354,0.378875660534,0.33
Gross Margin,0.631742179072,0.621771900463,0.61542378807,0.604245483817,0.592168630233,0.581486587312,0.558451024874,0.54183617325,0.534394864952,0.5089
EBITDA Margin,0.340903837263,0.339109242359,0.343180405945,0.34510850981,0.338290471825,0.319773955816,0.305574531926,0.287099909942,0.268083392565,0.211
EBIT Margin,0.268993681615,0.262669911541,0.278254319017,0.286935974397,0.281581825466,0.260138265072,0.253078264193,0.236152299766,0.215536403991,0.1943
Profit Margin,0.181923254739,0.210912233631,0.173788399507,0.194302135862,0.182007069177,0.166235862202,0.161470444688,0.152747016631,0.135190636483,0.117
Free Cash Flow margin,0.266027122823,0.257349422275,0.24445866343,0.249153150337,0.226172237508,0.234711228216,0.213612610569,0.200535628291,0.205644579969,0.1667
EBITDA,1769700000.0,1562436000.0,1300628000.0,1236315000.0,1200760000.0,1035469000.0,914734000.0,803044000.0,639677000.0,432475000.0
EBIT,1396400000.0,1210244000.0,1054563000.0,1027918000.0,999473000.0,842361000.0,757587000.0,660539000.0,514294000.0,398312000.0
Consolidated Income,944400000.0,971772000.0,658645000.0,696067000.0,646033000.0,538293000.0,483360000.0,427247000.0,322580000.0,239481000.0
Earnings Before Tax Margin,0.230852211435,0.224575043446,0.248198051413,0.279797453938,0.259602072859,0.232890731929,0.229391522735,0.216291651785,0.187918253628,0.1658
Net Profit Margin,0.181923254739,0.210912233631,0.173788399507,0.194302135862,0.182007069177,0.166235862202,0.161470444688,0.152747016631,0.135190636483,0.1168
