Date,2018-12-31,2017-12-31,2016-12-31,2015-12-31,2014-12-31,2013-12-31,2012-12-31,2011-12-31,2010-12-31,2009-12-31
Revenue,3282645000.0,2611030000.0,1099939000.0,1598068000.0,2711695000.0,1862719000.0,1457704000.0,0.0,0.0,819166000.0
Revenue Growth,0.257222245627205,1.37379527410156,-0.311707011216043,-0.410675610642052,0.455772448769782,0.277844473226389,0.0,0.0,-1,-0.3816
Cost of Revenue,4161161000.0,1837865000.0,1557516000.0,2251027000.0,1280824000.0,1122255000.0,940642000.0,0.0,0.0,160972000.0
Gross Profit,-878516000.0,773165000.0,-457577000.0,-652959000.0,1430871000.0,740464000.0,517062000.0,0.0,0.0,658194000.0
R&D Expenses,34117000.0,53662000.0,32325000.0,21406000.0,63548000.0,64409000.0,69807000.0,0.0,0.0,44276000.0
SG&A Expense,209812000.0,233406000.0,184772000.0,194015000.0,213426000.0,291171000.0,173813000.0,0.0,0.0,115319000.0
Operating Expenses,898454000.0,691045000.0,344561000.0,399403000.0,399986000.0,590885000.0,492006000.0,0.0,0.0,498160000.0
Operating Income,-1746481000.0,333146000.0,-521388000.0,-713685000.0,634382000.0,115722000.0,13002000.0,0.0,0.0,160034000.0
Interest Expense,210209000.0,195679000.0,168213000.0,166439000.0,168977000.0,176557000.0,168798000.0,0.0,0.0,75261000.0
Earnings before Tax,-1776970000.0,82120000.0,-802138000.0,-1052362000.0,1030885000.0,149579000.0,25056000.0,0.0,0.0,-8077000.0
Income Tax Expense,-30489000.0,-251026000.0,-280750000.0,-338677000.0,396503000.0,33857000.0,12054000.0,0.0,0.0,45793000.0
Net Income - Non-Controlling int,0.0,0.0,0.0,0.0,0.0,0.0,0.0,0.0,0.0,0.0
Net Income - Discontinued ops,0.0,0.0,0.0,0.0,0.0,0.0,0.0,0.0,0.0,92850000.0
Net Income,-1746481000.0,333146000.0,-521388000.0,-713685000.0,634382000.0,115722000.0,13002000.0,0.0,0.0,-53870000.0
Preferred Dividends,0.0,0.0,0.0,0.0,0.0,0.0,0.0,0.0,0.0,0.0
Net Income Com,-1746481000.0,333146000.0,-521388000.0,-713685000.0,634382000.0,115722000.0,13002000.0,0.0,0.0,-53870000.0
EPS,-7.1,1.34,-2.75,-4.29,3.81,0.71,0.08,0.0,0.0,-0.35
EPS Diluted,-7.1,1.34,-2.75,-4.29,3.79,0.7,0.08,0.0,0.0,-0.35
Weighted Average Shs Out,246171000.0,245091000.0,189868000.0,166389000.0,163625000.0,160438000.0,159431000.0,0.0,0.0,157733941.0
Weighted Average Shs Out (Dil),246171000.0,245458000.0,189868000.0,166389000.0,164403000.0,161407000.0,160307000.0,0.0,0.0,154514000.0
Dividend per Share,0.0810006052703,0.0808244180267,0.0878610403017,0.162769173443,0.161858360249,0.161882694059,0.162070277655,0.0,0.0,0.16
Gross Margin,-0.267624430909,0.296114943145,-0.41600216012,-0.408592750747,0.527666643926,0.397517822065,0.354709872512,0.0,0.0,0.8035
EBITDA Margin,-0.331561895971,0.391346326928,0.0415968521891,0.286373295755,0.447483216217,0.330630653362,0.338740924083,0.0,0.0,0.409
EBIT Margin,-0.532034685444,0.127591793277,-0.474015377216,-0.446592385305,0.233942976625,0.0621253125136,0.00891950629209,0.0,0.0,0.082
Profit Margin,-0.532034685444,0.127591793277,-0.474015377216,-0.446592385305,0.233942976625,0.0621253125136,0.00891950629209,0.0,0.0,-0.066
Free Cash Flow margin,0.301346322859,0.310430749551,0.349124815103,0.425050123024,0.347484506923,0.395987263779,0.440649816424,0.0,0.0,0.0769
EBITDA,-1088400000.0,1021817000.0,45754000.0,457644000.0,1213438000.0,615872000.0,493784000.0,0.0,0.0,335262000.0
EBIT,-1746481000.0,333146000.0,-521388000.0,-713685000.0,634382000.0,115722000.0,13002000.0,0.0,0.0,67184000.0
Consolidated Income,-1746481000.0,333146000.0,-521388000.0,-713685000.0,634382000.0,115722000.0,13002000.0,0.0,0.0,-53870000.0
Earnings Before Tax Margin,-0.541322622458,0.0314511897604,-0.729256804241,-0.658521414608,0.380162592032,0.0803014303285,0.0171886747927,0.0,0.0,-0.0099
Net Profit Margin,-0.532034685444,0.127591793277,-0.474015377216,-0.446592385305,0.233942976625,0.0621253125136,0.00891950629209,0.0,0.0,-0.0658
