Date,2018-12-31,2017-12-31,2016-12-31,2015-12-31,2014-12-31,2013-12-31,2012-12-31,2011-12-31,2010-12-31,2009-12-31
Revenue,3323000000.0,2647700000.0,2321956000.0,2141463000.0,1931580000.0,1654385000.0,1318388000.0,1071186000.0,781265000.0,700037000.0
Revenue Growth,0.255051554179099,0.140288618733516,0.0842849024241838,0.108658714627403,0.167551688391759,0.254854413116624,0.23077411392606,0.371091755038303,0.116033866781327,-0.1108
Cost of Revenue,0.0,0.0,0.0,0.0,0.0,897593000.0,740594000.0,603842000.0,424704000.0,340678000.0
Gross Profit,0.0,0.0,0.0,0.0,0.0,756792000.0,577794000.0,467344000.0,356561000.0,359359000.0
R&D Expenses,0.0,0.0,0.0,0.0,0.0,0.0,0.0,0.0,0.0,0.0
SG&A Expense,856636000.0,641579000.0,569098000.0,464786000.0,388811000.0,329631000.0,275587000.0,233091000.0,281370000.0,242408000.0
Operating Expenses,2972120000.0,2258875000.0,1878295000.0,1632341000.0,1576317000.0,474500000.0,403804000.0,322962000.0,287688000.0,247950000.0
Operating Income,350914000.0,388791000.0,443661000.0,509122000.0,355263000.0,282292000.0,173990000.0,144382000.0,68873000.0,111409000.0
Interest Expense,0.0,0.0,0.0,0.0,0.0,214000.0,1350000.0,24781000.0,50313000.0,46892000.0
Earnings before Tax,0.0,0.0,419460000.0,502403000.0,352994000.0,0.0,0.0,122831000.0,20185000.0,85226000.0
Income Tax Expense,49227000.0,-66954000.0,154581000.0,185183000.0,127530000.0,105492000.0,66124000.0,46383000.0,-52296000.0,1533000.0
Net Income - Non-Controlling int,0.0,0.0,0.0,0.0,0.0,0.0,0.0,0.0,0.0,0.0
Net Income - Discontinued ops,0.0,0.0,0.0,0.0,0.0,0.0,0.0,0.0,0.0,0.0
Net Income,155749000.0,420606000.0,264879000.0,317220000.0,225464000.0,176918000.0,108460000.0,76448000.0,72481000.0,83693000.0
Preferred Dividends,0.0,0.0,0.0,0.0,0.0,0.0,0.0,0.0,0.0,0.0
Net Income Com,155749000.0,420606000.0,264879000.0,317220000.0,225464000.0,176918000.0,108460000.0,76448000.0,72481000.0,83693000.0
EPS,2.28,6.08,3.77,4.39,3.1,2.44,1.5,1.44,2.77,3.23
EPS Diluted,2.28,6.06,3.76,4.38,3.08,2.42,1.49,1.43,2.72,3.18
Weighted Average Shs Out,68249000.0,69221000.0,70344000.0,72208000.0,72739000.0,72593000.0,72386000.0,0.0,,
Weighted Average Shs Out (Dil),68431000.0,69377000.0,70508000.0,72426000.0,73294000.0,72999000.0,72591000.0,0.0,,
Dividend per Share,0.0,0.0,0.0,0.0,0.0,0.0,0.0,0.0,0.0,0.0
Gross Margin,0.0,0.0,0.0,0.0,0.0,0.457446120462,0.438257933173,0.436286508599,0.4564,0.5133
EBITDA Margin,0.161438459224,0.2027748612,0.237097085388,0.272801818196,0.208145145425,0.189605805178,0.142913922153,0.141053934611,0.097,0.196
EBIT Margin,0.105601564851,0.146841031839,0.191072096112,0.237744943527,0.183923523747,0.170632591567,0.131971771588,0.134787049121,0.0902,0.1887
Profit Margin,0.0468699969907,0.158857121275,0.114075805054,0.148132374923,0.116725167997,0.106938832255,0.0822671322858,0.0713676242968,0.093,0.12
Free Cash Flow margin,-0.0302461631056,-0.0769124145485,-0.0290462007032,-0.0354033667637,0.0382810963046,0.106120401237,0.0681589941656,0.146664538185,-0.0044,0.102
EBITDA,536460000.0,536887000.0,550529000.0,584195000.0,402049000.0,313681000.0,188416000.0,151095000.0,76118000.0,137042000.0
EBIT,350914000.0,388791000.0,443661000.0,509122000.0,355263000.0,282292000.0,173990000.0,144382000.0,70498000.0,132118000.0
Consolidated Income,155749000.0,420606000.0,264879000.0,317220000.0,225464000.0,176918000.0,108460000.0,76448000.0,72481000.0,83693000.0
Earnings Before Tax Margin,0.0,0.0,0.180649417991,0.234607368888,0.182748837739,0.0,0.0,0.114668227553,0.0258,0.1217
Net Profit Margin,0.0468699969907,0.158857121275,0.114075805054,0.148132374923,0.116725167997,0.106938832255,0.0822671322858,0.0713676242968,0.0928,0.1196
