Date,2018-12-31,2017-12-31,2016-12-31,2015-12-31,2014-12-31,2013-12-31,2012-12-31,2011-12-31,2010-12-31,2009-12-31
Revenue,7096700000.0,6654500000.0,5379800000.0,5045900000.0,5787700000.0,5952900000.0,6669300000.0,6818700000.0,0.0,3734280000.0
Revenue Growth,0.0664512735742731,0.236941893750697,0.0661725361184328,-0.128168357033018,-0.0277511800970955,-0.107417570059826,-0.0219103348145541,0.0,-1,-0.2302
Cost of Revenue,4083300000.0,3923900000.0,3615200000.0,3438300000.0,3285474000.0,3267269000.0,3094976000.0,3051290000.0,2422678000.0,1865828000.0
Gross Profit,3013400000.0,2730600000.0,1764600000.0,1607600000.0,2502226000.0,2685631000.0,3574324000.0,3767410000.0,-2422678000.0,1868452000.0
R&D Expenses,29600000.0,0.0,0.0,0.0,0.0,0.0,0.0,0.0,0.0,24578000.0
SG&A Expense,102600000.0,93100000.0,94300000.0,99400000.0,103412000.0,102579000.0,101297000.0,104473000.0,88305000.0,85168000.0
Operating Expenses,132200000.0,111700000.0,200400000.0,193200000.0,269380000.0,153562000.0,465407000.0,142008000.0,122618000.0,383304000.0
Operating Income,2881200000.0,2618900000.0,1564200000.0,1414400000.0,2232840000.0,2532112000.0,3108883000.0,3625423000.0,2604204000.0,1485148000.0
Interest Expense,0.0,0.0,0.0,0.0,0.0,0.0,0.0,0.0,0.0,99793000.0
Earnings before Tax,2589400000.0,2302700000.0,1256000000.0,1189200000.0,2068706000.0,1626388000.0,2973542000.0,2483677000.0,2430780000.0,1399242000.0
Income Tax Expense,1053500000.0,1593400000.0,501100000.0,464900000.0,754629000.0,769322000.0,1080872000.0,1104335000.0,868071000.0,469861000.0
Net Income - Non-Controlling int,0.0,0.0,0.0,0.0,0.0,0.0,0.0,0.0,0.0,5192000.0
Net Income - Discontinued ops,0.0,0.0,0.0,0.0,0.0,0.0,0.0,0.0,0.0,0.0
Net Income,1543000000.0,728500000.0,776500000.0,736400000.0,1332973000.0,1618517000.0,1934632000.0,2336424000.0,1554051000.0,929381000.0
Preferred Dividends,0.0,0.0,0.0,0.0,0.0,0.0,0.0,0.0,0.0,0.0
Net Income Com,1543000000.0,728500000.0,776500000.0,736400000.0,1332973000.0,1618517000.0,1934632000.0,2336424000.0,1554051000.0,929381000.0
EPS,2.0,0.94,1.0,0.93,1.61,1.92,2.28,2.76,1.83,1.09
EPS Diluted,2.0,0.94,1.0,0.93,1.61,1.92,2.28,2.76,1.83,1.09
Weighted Average Shs Out,773000000.0,773000000.0,773600000.0,794700000.0,828199000.0,842668000.0,848346000.0,845901000.0,850000000.0,850000000.0
Weighted Average Shs Out (Dil),773000000.0,773000000.0,773600000.0,794700000.0,828199000.0,842668000.0,848346000.0,845901000.0,850000000.0,850684000.0
Dividend per Share,1.40012936611,0.590038809832,0.180067218201,0.341260853152,0.460012629815,0.680951454191,3.70128579613,2.45933389368,1.67999764706,0.44
Gross Margin,0.424619893753,0.410338868435,0.328004758541,0.31859529519,0.432335124488,0.451146668011,0.535936904923,0.552511475795,0.0,0.5004
EBITDA Margin,0.501007510533,0.494402284169,0.41103758504,0.38151766781,0.462672737011,0.49187488451,0.514990478761,0.573945326822,0.0,0.475
EBIT Margin,0.405991517184,0.393553234653,0.290754303134,0.280306783725,0.385790555834,0.425357724806,0.466148321413,0.531688298356,0.0,0.4014
Profit Margin,0.217425000352,0.109474791494,0.144336220677,0.145940268337,0.230311349932,0.271887147441,0.290080218314,0.34264947864,0.0,0.249
Free Cash Flow margin,0.156932095199,0.143226388158,-0.0363210528272,-0.0534691531739,-0.0300475145567,0.0258487459893,0.1427529126,0.213716250898,0.0,0.15
EBITDA,3555500000.0,3290000000.0,2211300000.0,1925100000.0,2677811000.0,2928082000.0,3434626000.0,3913561000.0,2927444000.0,1772593000.0
EBIT,2881200000.0,2618900000.0,1564200000.0,1414400000.0,2232840000.0,2532112000.0,3108883000.0,3625423000.0,2604204000.0,1499035000.0
Consolidated Income,1543000000.0,728500000.0,776500000.0,736400000.0,1332973000.0,1618517000.0,1934632000.0,2336424000.0,1554051000.0,934573000.0
Earnings Before Tax Margin,0.36487381459,0.346036516643,0.233465928101,0.235676489823,0.357431449453,0.273209360144,0.445855187201,0.364244944051,0.0,0.3747
Net Profit Margin,0.217425000352,0.109474791494,0.144336220677,0.145940268337,0.230311349932,0.271887147441,0.290080218314,0.34264947864,0.0,0.2489
