Date,2018-12-31,2017-12-31,2016-12-31,2015-12-31,2014-12-31,2013-12-31,2012-12-31,2011-12-31,2010-12-31,2009-12-31
Revenue,4732700000.0,4461600000.0,6778300000.0,7031500000.0,7750500000.0,7690800000.0,7648100000.0,5640900000.0,4490100000.0,4242800000.0
Revenue Growth,0.0607629549937242,-0.341781862708939,-0.0360093863329304,-0.0927682085026773,0.00776252145420502,0.0055830859952145,0.35582974348065,0.256297187145052,0.0582869802960309,-0.124
Cost of Revenue,3230600000.0,3044400000.0,4246700000.0,4444900000.0,5062900000.0,5103300000.0,5103800000.0,3999700000.0,3237300000.0,3024300000.0
Gross Profit,1502100000.0,1417200000.0,2531600000.0,2586600000.0,2687600000.0,2587500000.0,2544300000.0,1641200000.0,1252800000.0,1218500000.0
R&D Expenses,80800000.0,91800000.0,130800000.0,129000000.0,135000000.0,133000000.0,135000000.0,0.0,0.0,0.0
SG&A Expense,782300000.0,796000000.0,1604500000.0,1652300000.0,1837200000.0,1749200000.0,1785200000.0,1034900000.0,710200000.0,707500000.0
Operating Expenses,878800000.0,900900000.0,1830200000.0,1870000000.0,2091100000.0,2005400000.0,1920200000.0,1034900000.0,710200000.0,726200000.0
Operating Income,656300000.0,596000000.0,819100000.0,763400000.0,653600000.0,602100000.0,-1417100000.0,447400000.0,535000000.0,492300000.0
Interest Expense,177900000.0,201800000.0,213100000.0,227700000.0,287700000.0,361000000.0,384700000.0,217100000.0,161600000.0,154900000.0
Earnings before Tax,457800000.0,393300000.0,565900000.0,425900000.0,-62200000.0,-95100000.0,-1872000000.0,216100000.0,343400000.0,329900000.0
Income Tax Expense,307500000.0,330500000.0,79500000.0,90500000.0,9100000.0,84000000.0,-261900000.0,67000000.0,87500000.0,85600000.0
Net Income - Non-Controlling int,0.0,0.0,0.0,0.0,0.0,0.0,0.0,0.0,0.0,0.0
Net Income - Discontinued ops,0.0,0.0,0.0,0.0,0.0,0.0,0.0,0.0,0.0,0.0
Net Income,193100000.0,814900000.0,486400000.0,335400000.0,258100000.0,124200000.0,-1410300000.0,149100000.0,255900000.0,244300000.0
Preferred Dividends,0.0,0.0,0.0,0.0,0.0,0.0,0.0,0.0,0.0,0.0
Net Income Com,193100000.0,814900000.0,486400000.0,335400000.0,258100000.0,124200000.0,-1410300000.0,149100000.0,255900000.0,244300000.0
EPS,1.21,4.33,2.49,1.63,1.22,0.64,-7.31,0.89,1.61,1.54
EPS Diluted,1.2,4.29,2.46,1.62,1.2,0.58,-7.31,0.8,1.44,1.35
Weighted Average Shs Out,159400000.0,186900000.0,194300000.0,203900000.0,210000000.0,194600000.0,192800000.0,167000000.0,158300000.0,158960030.0
Weighted Average Shs Out (Dil),160200000.0,188900000.0,197200000.0,206700000.0,213900000.0,213500000.0,192800000.0,185400000.0,176700000.0,157200000.0
Dividend per Share,0.649812734082,0.633668607729,0.616632860041,0.516690856313,0.518466573165,0.47775175644,0.523340248963,0.471413160734,0.451046972269,0.48
Gross Margin,0.317387537769,0.317643894567,0.37348597731,0.367858920572,0.346764724856,0.336440942425,0.332670859429,0.290946480172,0.279013830427,0.2872
EBITDA Margin,0.166395503624,0.167047695894,0.152412846879,0.138903505653,0.119476162828,0.117621053727,-0.143578143591,0.113776170469,0.153983207501,0.151
EBIT Margin,0.13867348448,0.133584364354,0.120841508933,0.108568584228,0.084330043223,0.0782883445155,-0.18528784927,0.0793135847117,0.119151021135,0.1143
Profit Margin,0.0408012339679,0.182647480724,0.0717584054999,0.0476996373462,0.0333010773498,0.0161491652364,-0.184398739556,0.026431952348,0.0569920491749,0.058
Free Cash Flow margin,0.054810150654,0.0539268423884,0.0931206939793,0.11145559269,-0.0459067156958,0.0661569667655,0.0366103999686,0.0474392384194,0.0880826707646,0.1129
EBITDA,787500000.0,745300000.0,1033100000.0,976700000.0,926000000.0,904600000.0,-1098100000.0,641800000.0,691400000.0,639300000.0
EBIT,656300000.0,596000000.0,819100000.0,763400000.0,653600000.0,602100000.0,-1417100000.0,447400000.0,535000000.0,484800000.0
Consolidated Income,193100000.0,814900000.0,486400000.0,335400000.0,258100000.0,124200000.0,-1410300000.0,149100000.0,255900000.0,244300000.0
Earnings Before Tax Margin,0.0967312527733,0.088152232383,0.0834870100173,0.0605702908341,-0.00802528869105,-0.012365423623,-0.244766674076,0.0383094896205,0.0764793657157,0.0778
Net Profit Margin,0.0408012339679,0.182647480724,0.0717584054999,0.0476996373462,0.0333010773498,0.0161491652364,-0.184398739556,0.026431952348,0.0569920491749,0.0576
