Date,2018-12-31,2017-12-31,2016-12-31,2015-12-31,2014-12-31,2013-12-31,2012-12-31,2011-12-31,2010-12-31,2009-12-31
Revenue,5550000.0,6502000.0,2502000.0,20001000.0,12000000.0,4751000.0,843000.0,0.0,57705000.0,37588000.0
Revenue Growth,-0.146416487234697,1.59872102318145,-0.874906254687266,0.66675,1.52578404546411,4.63582443653618,0.0,-1,0.535197403426625,0.1968
Cost of Revenue,0.0,0.0,0.0,0.0,0.0,0.0,0.0,0.0,0.0,0.0
Gross Profit,0.0,0.0,0.0,0.0,0.0,0.0,0.0,0.0,57705000.0,37588000.0
R&D Expenses,0.0,0.0,0.0,0.0,0.0,0.0,0.0,0.0,0.0,0.0
SG&A Expense,51849000.0,47604000.0,43955000.0,38913000.0,31017000.0,26324000.0,19518000.0,19518000.0,18778000.0,17178000.0
Operating Expenses,51849000.0,47604000.0,43955000.0,38913000.0,31017000.0,26324000.0,19518000.0,19518000.0,30969000.0,28930000.0
Operating Income,168842000.0,137350000.0,110818000.0,89005000.0,52377000.0,41617000.0,23438000.0,23438000.0,26736000.0,8658000.0
Interest Expense,63948000.0,35333000.0,25805000.0,17704000.0,14119000.0,13619000.0,16080000.0,16080000.0,0.0,0.0
Earnings before Tax,168842000.0,137350000.0,110818000.0,89005000.0,52976000.0,0.0,0.0,0.0,26736000.0,8658000.0
Income Tax Expense,31902000.0,44258000.0,29339000.0,25465000.0,21601000.0,20358000.0,-12389000.0,12389000.0,9358000.0,2780000.0
Net Income - Non-Controlling int,0.0,0.0,0.0,0.0,0.0,0.0,0.0,0.0,0.0,0.0
Net Income - Discontinued ops,0.0,0.0,0.0,0.0,0.0,0.0,0.0,0.0,0.0,0.0
Net Income,136940000.0,93092000.0,81479000.0,63540000.0,52377000.0,41617000.0,23438000.0,23438000.0,17378000.0,5878000.0
Preferred Dividends,63000.0,62000.0,47000.0,280000.0,431000.0,416000.0,200000.0,200000.0,0.0,0.0
Net Income Com,136940000.0,93092000.0,81479000.0,63540000.0,52377000.0,41617000.0,23438000.0,23438000.0,17378000.0,5878000.0
EPS,2.57,1.76,1.55,2.46,2.18,6.0,4.03,4.03,0.525,0.178
EPS Diluted,2.53,1.72,1.52,2.39,2.09,5.69,3.53,3.53,0.473,0.17
Weighted Average Shs Out,53172695.0,52887359.0,52450896.0,25713233.0,23855001.0,6869071.0,5759524.0,0.0,33110892.0,33080892.0
Weighted Average Shs Out (Dil),54169879.0,54123957.0,53608372.0,26442554.0,24818221.0,7268675.0,6749163.0,0.0,33110892.0,33080892.0
Dividend per Share,0.372790199513,0.185500110422,0.146581582444,0.222482291234,0.145417352839,0.506557247366,0.0,0.0,0.0,0.0
Gross Margin,0.0,0.0,0.0,0.0,0.0,0.0,0.0,0.0,1.0,1.0
EBITDA Margin,30.567027027,20.9437096278,43.8365307754,4.34413279336,4.51791666667,9.14712692065,29.1945432977,0.0,0.482,0.259
EBIT Margin,30.421981982,21.1242694556,44.2917665867,4.45002749863,4.36475,8.75962955167,27.803084223,0.0,0.4633,0.2303
Profit Margin,24.6738738739,14.3174407875,32.565547562,3.17684115794,4.36475,8.75962955167,27.803084223,0.0,0.301,0.156
Free Cash Flow margin,29.9100900901,14.9661642572,30.5019984013,3.44417779111,5.234,15.33403494,27.2941874259,0.0,0.5051,0.0045
EBITDA,169647000.0,136176000.0,109679000.0,86887000.0,54215000.0,43458000.0,24611000.0,24611000.0,27802000.0,9745000.0
EBIT,168842000.0,137350000.0,110818000.0,89005000.0,52377000.0,41617000.0,23438000.0,23438000.0,26736000.0,8658000.0
Consolidated Income,136940000.0,93092000.0,81479000.0,63540000.0,52377000.0,41617000.0,23438000.0,23438000.0,17378000.0,5878000.0
Earnings Before Tax Margin,30.421981982,21.1242694556,44.2917665867,4.45002749863,4.41466666667,0.0,0.0,0.0,0.4633,0.2303
Net Profit Margin,24.6738738739,14.3174407875,32.565547562,3.17684115794,4.36475,8.75962955167,27.803084223,0.0,0.3012,0.1564
