Date,2019-04-30,2018-04-30,2017-04-30,2016-04-30,2015-04-30,2014-04-30,2013-04-30,2012-04-30,2011-04-30,2010-04-30
Revenue,290553951.0,278131709.0,252235794.0,253904146.0,230237161.0,222485940.0,198439534.0,0.0,151728084.0,122476340.0
Revenue Growth,0.0446631635230056,0.102665504325687,-0.00657079463365675,0.102793940375246,0.0348391498357155,0.121177496818754,0.0,-1,0.238835876382328,-0.0843
Cost of Revenue,264212182.0,251528791.0,228194867.0,228385615.0,208168323.0,199658942.0,178513888.0,0.0,135940878.0,108719103.0
Gross Profit,26341769.0,26602918.0,24040927.0,25518531.0,22068838.0,22826998.0,19925646.0,0.0,15787206.0,13757237.0
R&D Expenses,0.0,0.0,0.0,0.0,0.0,0.0,0.0,0.0,0.0,0.0
SG&A Expense,23263117.0,23089939.0,20774729.0,21194211.0,19431637.0,19200514.0,18358354.0,0.0,11460908.0,10826880.0
Operating Expenses,23263117.0,23089939.0,20774729.0,21194211.0,19431637.0,19200514.0,18358354.0,0.0,11460908.0,10826880.0
Operating Income,3078652.0,-2909450.0,3266198.0,4324320.0,2637201.0,3626484.0,1567292.0,0.0,4326298.0,2930357.0
Interest Expense,2413297.0,1537446.0,1135853.0,1004988.0,1081323.0,966038.0,832126.0,0.0,1154352.0,821263.0
Earnings before Tax,866301.0,-4302322.0,2497683.0,3485196.0,1704461.0,2784824.0,814324.0,0.0,3181548.0,3365329.0
Income Tax Expense,1731415.0,-1060452.0,1107477.0,1402537.0,801049.0,-133867.0,321363.0,0.0,1203514.0,1120786.0
Net Income - Non-Controlling int,0.0,0.0,0.0,0.0,0.0,0.0,0.0,0.0,0.0,0.0
Net Income - Discontinued ops,0.0,0.0,0.0,0.0,0.0,0.0,0.0,0.0,0.0,0.0
Net Income,-865114.0,-3241870.0,1390206.0,2082659.0,903412.0,2918691.0,492961.0,0.0,1978034.0,2244543.0
Preferred Dividends,0.0,0.0,0.0,0.0,0.0,0.0,0.0,0.0,0.0,0.0
Net Income Com,-865114.0,-3241870.0,1390206.0,2082659.0,903412.0,2918691.0,492961.0,0.0,1978034.0,2244543.0
EPS,-0.2,-0.77,0.33,0.5,0.22,0.74,0.13,0.0,0.52,0.59
EPS Diluted,-0.2,-0.77,0.33,0.49,0.22,0.72,0.12,0.0,0.51,0.58
Weighted Average Shs Out,4228592.0,4205483.0,4186183.0,4164815.0,4046988.0,3969391.0,3930268.0,0.0,3823056.0,3822556.0
Weighted Average Shs Out (Dil),4228592.0,4205483.0,4213592.0,4224030.0,4116424.0,4074487.0,4003887.0,0.0,3828638.0,3822556.0
Dividend per Share,0.0,0.0,0.0,0.0,0.0,0.0,0.0,0.0,0.0,0.0
Gross Margin,0.0906605086916,0.0956486338636,0.0953113220719,0.100504585695,0.0958526325818,0.102599732819,0.100411675024,0.0,0.104,0.1123
EBITDA Margin,0.0294331602464,0.00973480877004,0.0340041548584,0.0390485746538,0.034968651303,0.0393949703069,0.0313555463197,0.0,0.058,0.067
EBIT Margin,0.010595801535,-0.0104606914848,0.0129489869309,0.0170313091303,0.0114542803974,0.0162998344974,0.00789808345347,0.0,0.0286,0.0342
Profit Margin,-0.00297746424381,-0.0116558806317,0.00551153338689,0.00820254033977,0.00392383226094,0.0131185413334,0.00248418745027,0.0,0.013,0.018
Free Cash Flow margin,-0.00557383575211,-0.0169598929117,-0.000213137870512,0.0517141890231,-0.0120818029024,0.00762668867974,0.0189056632233,0.0,-0.0336,0.0448
EBITDA,8551921.0,2707559.0,8577065.0,9914595.0,8051083.0,8764827.0,6222180.0,0.0,8776326.0,8193618.0
EBIT,3078652.0,-2909450.0,3266198.0,4324320.0,2637201.0,3626484.0,1567292.0,0.0,4335900.0,4186592.0
Consolidated Income,-865114.0,-3241870.0,1390206.0,2082659.0,903412.0,2918691.0,492961.0,0.0,1978034.0,2244543.0
Earnings Before Tax Margin,0.00298154954362,-0.0154686497828,0.00990217510525,0.0137264241443,0.0074030664407,0.012516853874,0.00410363793739,0.0,0.021,0.0275
Net Profit Margin,-0.00297746424381,-0.0116558806317,0.00551153338689,0.00820254033977,0.00392383226094,0.0131185413334,0.00248418745027,0.0,0.013,0.0183
