Date,2018-12-31,2017-12-31,2016-12-31,2015-12-31,2014-12-31,2013-12-31,2012-12-31,2011-12-31,2010-12-31,2009-12-31
Revenue,84452000.0,36567000.0,19389000.0,39539000.0,45870000.0,24133000.0,21655000.0,10319000.0,20805000.0,22187000.0
Revenue Growth,1.30951404271611,0.885966269534272,-0.509623409797921,-0.138020492696752,0.900716860730121,0.114430847379358,1.09855606163388,-0.504013458303292,-0.0622887276332988,0.3708
Cost of Revenue,0.0,0.0,0.0,0.0,0.0,0.0,0.0,0.0,0.0,0.0
Gross Profit,0.0,0.0,0.0,0.0,0.0,0.0,0.0,0.0,20805000.0,22187000.0
R&D Expenses,114866000.0,65728000.0,65618000.0,67198000.0,56744000.0,36979000.0,31709000.0,32098000.0,33154000.0,28984000.0
SG&A Expense,46736000.0,27200000.0,26330000.0,19197000.0,15677000.0,13800000.0,12144000.0,14042000.0,12586000.0,12605000.0
Operating Expenses,161602000.0,92928000.0,91948000.0,86395000.0,72651000.0,50839000.0,43853000.0,46140000.0,45740000.0,41589000.0
Operating Income,-77150000.0,-56361000.0,-72559000.0,-46856000.0,-26781000.0,-26706000.0,-22198000.0,-35821000.0,-24935000.0,-19402000.0
Interest Expense,0.0,0.0,0.0,0.0,0.0,0.0,0.0,0.0,0.0,0.0
Earnings before Tax,-68889000.0,-54568000.0,-71672000.0,-46425000.0,0.0,0.0,0.0,0.0,-24854000.0,-18587000.0
Income Tax Expense,0.0,0.0,-14000.0,-5722000.0,0.0,0.0,0.0,0.0,0.0,0.0
Net Income - Non-Controlling int,0.0,0.0,0.0,0.0,0.0,0.0,0.0,0.0,0.0,0.0
Net Income - Discontinued ops,0.0,0.0,0.0,0.0,0.0,0.0,0.0,0.0,0.0,0.0
Net Income,-68334000.0,-54568000.0,-71658000.0,-40703000.0,-26417000.0,-26624000.0,-22264000.0,-35750000.0,-24854000.0,-18587000.0
Preferred Dividends,0.0,0.0,0.0,0.0,0.0,0.0,0.0,0.0,0.0,0.0
Net Income Com,-68334000.0,-54568000.0,-71658000.0,-40703000.0,-26417000.0,-26624000.0,-22264000.0,-35750000.0,-24854000.0,-18587000.0
EPS,-0.7,-0.7,-1.02,-0.58,-0.39,-0.48,-0.42,-0.71,-0.55,-0.44
EPS Diluted,-0.7,-0.7,-1.02,-0.58,-0.39,-0.48,-0.42,-0.71,-0.55,-0.44
Weighted Average Shs Out,96941000.0,78084000.0,70553000.0,69757000.0,67022000.0,55974000.0,0.0,50512000.0,45218566.0,44907047.0
Weighted Average Shs Out (Dil),96941000.0,78084000.0,70553000.0,69757000.0,67022000.0,55974000.0,0.0,50512000.0,45167000.0,42048000.0
Dividend per Share,0.0,0.0,0.0,0.0,0.0,0.0,0.0,0.0,0.0,0.0
Gross Margin,0.0,0.0,0.0,0.0,0.0,0.0,0.0,0.0,1.0,1.0
EBITDA Margin,-0.81658220054,-1.48193726584,-3.70225385528,-1.18098586206,-0.595814257685,-1.04524924377,-0.953544216116,-3.25603256129,-1.162,-0.812
EBIT Margin,-0.91353668356,-1.54130773648,-3.74227654856,-1.18505779104,-0.583845650752,-1.10661749472,-1.02507504041,-3.47136350422,-1.1946,-0.8377
Profit Margin,-0.809146023777,-1.49227445511,-3.69580690082,-1.02943928779,-0.575910180946,-1.10321965773,-1.02812283537,-3.46448299254,-1.195,-0.838
Free Cash Flow margin,-0.0700161038223,0.203133973255,-3.43571097014,-0.913806621311,-0.137257466754,-0.825177143331,-0.406603555761,-2.56526795232,-1.1838,-0.2889
EBITDA,-68962000.0,-54190000.0,-71783000.0,-46695000.0,-27330000.0,-25225000.0,-20649000.0,-33599000.0,-24178000.0,-18015000.0
EBIT,-77150000.0,-56361000.0,-72559000.0,-46856000.0,-26781000.0,-26706000.0,-22198000.0,-35821000.0,-24854000.0,-18587000.0
Consolidated Income,-68334000.0,-54568000.0,-71658000.0,-40703000.0,-26417000.0,-26624000.0,-22264000.0,-35750000.0,-24854000.0,-18587000.0
Earnings Before Tax Margin,-0.815717804196,-1.49227445511,-3.69652895972,-1.17415716128,0.0,0.0,0.0,0.0,-1.1946,-0.8377
Net Profit Margin,-0.809146023777,-1.49227445511,-3.69580690082,-1.02943928779,-0.575910180946,-1.10321965773,-1.02812283537,-3.46448299254,-1.1946,-0.8377
