Date,2018-12-31,2017-12-31,2016-12-31,2015-12-31,2014-12-31,2013-12-31,2012-12-31,2011-12-31,2010-12-31,2009-12-31
Revenue,1653609000.0,1546098000.0,1399551000.0,1405239000.0,1334951000.0,1314223000.0,1227072000.0,968549000.0,635418000.0,503550000.0
Revenue Growth,0.0695369892464773,0.104710010567675,-0.00404771003366687,0.0526521198156337,0.0157720569492392,0.0710235422208314,0.266917832758074,0.524270637596039,0.261876675603217,0.1017
Cost of Revenue,1037571000.0,968357000.0,877568000.0,904747000.0,865951000.0,831847000.0,771370000.0,606601000.0,359564000.0,287361000.0
Gross Profit,616038000.0,577741000.0,521983000.0,500492000.0,469000000.0,482376000.0,455702000.0,361948000.0,275854000.0,216189000.0
R&D Expenses,0.0,0.0,0.0,0.0,0.0,0.0,0.0,0.0,0.0,0.0
SG&A Expense,0.0,0.0,0.0,0.0,0.0,0.0,0.0,0.0,176859000.0,157149000.0
Operating Expenses,448073000.0,421216000.0,364691000.0,342446000.0,315081000.0,295223000.0,283689000.0,226893000.0,154230000.0,137221000.0
Operating Income,173382000.0,169784000.0,169176000.0,171648000.0,167642000.0,203768000.0,178976000.0,153770000.0,121624000.0,78968000.0
Interest Expense,0.0,0.0,0.0,0.0,0.0,0.0,0.0,51000.0,4000.0,93000.0
Earnings before Tax,177340000.0,172327000.0,171000000.0,172466000.0,171393000.0,208951000.0,184187000.0,158792000.0,125857000.0,80789000.0
Income Tax Expense,46841000.0,53189000.0,49726000.0,58811000.0,58764000.0,75666000.0,64623000.0,61591000.0,50132000.0,30682000.0
Net Income - Non-Controlling int,0.0,0.0,0.0,0.0,0.0,0.0,0.0,0.0,0.0,0.0
Net Income - Discontinued ops,0.0,0.0,0.0,0.0,0.0,0.0,0.0,0.0,0.0,0.0
Net Income,129136000.0,117948000.0,120911000.0,112938000.0,111880000.0,132007000.0,119626000.0,97319000.0,75725000.0,50107000.0
Preferred Dividends,0.0,0.0,0.0,0.0,0.0,0.0,0.0,0.0,0.0,0.0
Net Income Com,129136000.0,117948000.0,120911000.0,112938000.0,111880000.0,132007000.0,119626000.0,97319000.0,75725000.0,50107000.0
EPS,1.58,2.14,2.12,1.91,1.82,2.04,2.78,2.3,0.813,0.547
EPS Diluted,1.5,2.04,2.03,1.85,1.76,1.98,2.71,2.25,0.791,0.542
Weighted Average Shs Out,81664000.0,55157000.0,57109000.0,58997000.0,61451000.0,64583000.0,43019000.0,42264000.0,93630418.0,91797406.0
Weighted Average Shs Out (Dil),81664000.0,55157000.0,57109000.0,58997000.0,61451000.0,64583000.0,43019000.0,42264000.0,93323250.0,91354500.0
Dividend per Share,0.579398510972,0.0,0.0,0.0,0.0,0.0,0.0,0.0,0.0,0.0
Gross Margin,0.372541513744,0.373676830317,0.37296461508,0.356161478581,0.351323756452,0.367042731713,0.371373480937,0.373701278923,0.4341,0.4293
EBITDA Margin,0.118446380009,0.123648694973,0.135956460322,0.13691976952,0.136873188604,0.164924065398,0.156158725812,0.170182406879,0.214,0.18
EBIT Margin,0.104850663004,0.109814513698,0.120878767548,0.122148616712,0.125579141107,0.155048268064,0.14585615188,0.158763263397,0.1981,0.1606
Profit Margin,0.0780934307929,0.0762875315795,0.0863927073754,0.0803692467972,0.0838083195563,0.100444901664,0.0974889819016,0.100479170388,0.119,0.1
Free Cash Flow margin,0.0858280282703,0.0925943892302,0.0983936991221,0.0820223463767,0.100104048763,0.102499347523,0.100433389402,0.0614228087583,0.1313,0.121
EBITDA,195864000.0,191173000.0,190278000.0,192405000.0,182719000.0,216747000.0,191618000.0,164830000.0,135860000.0,90442000.0
EBIT,173382000.0,169784000.0,169176000.0,171648000.0,167642000.0,203768000.0,178976000.0,153770000.0,125861000.0,80882000.0
Consolidated Income,129136000.0,117948000.0,120911000.0,112938000.0,111880000.0,132007000.0,119626000.0,97319000.0,75725000.0,50107000.0
Earnings Before Tax Margin,0.107244215531,0.111459299475,0.122182042669,0.122730724097,0.128388982068,0.158992043207,0.150102846451,0.163948339217,0.1981,0.1604
Net Profit Margin,0.0780934307929,0.0762875315795,0.0863927073754,0.0803692467972,0.0838083195563,0.100444901664,0.0974889819016,0.100479170388,0.1192,0.0995
