Date,2018-12-31,2017-12-31,2016-12-31,2015-12-31,2014-12-31,2013-12-31,2012-12-31,2011-12-31,2010-12-31,2009-12-31
Revenue,511656000.0,0.0,0.0,0.0,0.0,0.0,0.0,0.0,0.0,389713000.0
Revenue Growth,0.0,0.0,0.0,0.0,0.0,0.0,0.0,0.0,-1,-0.0727
Cost of Revenue,0.0,0.0,0.0,0.0,0.0,0.0,0.0,0.0,0.0,0.0
Gross Profit,0.0,0.0,0.0,0.0,0.0,0.0,0.0,0.0,0.0,389713000.0
R&D Expenses,0.0,0.0,0.0,0.0,0.0,0.0,0.0,0.0,0.0,0.0
SG&A Expense,726980000.0,606402000.0,514270000.0,473841000.0,409486000.0,366801000.0,326942000.0,313043000.0,248606000.0,291343000.0
Operating Expenses,726980000.0,606402000.0,514270000.0,473841000.0,409486000.0,366801000.0,326942000.0,313043000.0,248606000.0,343866000.0
Operating Income,1362909000.0,874641000.0,640599000.0,603574000.0,652477000.0,685177000.0,363082000.0,171902000.0,198219000.0,45847000.0
Interest Expense,75921000.0,44771000.0,42873000.0,40340000.0,35321000.0,32277000.0,30854000.0,39111000.0,43596000.0,0.0
Earnings before Tax,1362909000.0,874641000.0,640599000.0,603574000.0,652477000.0,685177000.0,363082000.0,344049000.0,198219000.0,83217000.0
Income Tax Expense,351561000.0,355463000.0,250333000.0,228754000.0,173762000.0,139058000.0,113269000.0,119087000.0,61402000.0,35207000.0
Net Income - Non-Controlling int,0.0,0.0,0.0,0.0,0.0,0.0,0.0,0.0,0.0,-37370000.0
Net Income - Discontinued ops,0.0,0.0,0.0,0.0,0.0,0.0,0.0,0.0,0.0,0.0
Net Income,973840000.0,490506000.0,382685000.0,343904000.0,263925000.0,215853000.0,175103000.0,171902000.0,94951000.0,48010000.0
Preferred Dividends,0.0,0.0,0.0,0.0,0.0,0.0,0.0,0.0,0.0,25336000.0
Net Income Com,973840000.0,490506000.0,382685000.0,343904000.0,263925000.0,215853000.0,175103000.0,171902000.0,94951000.0,22674000.0
EPS,18.35,9.33,7.37,6.7,5.39,4.76,3.96,4.0,2.27,0.67
EPS Diluted,18.11,9.2,7.31,6.62,5.31,4.7,3.91,3.94,2.24,0.66
Weighted Average Shs Out,53078000.0,52588000.0,51915000.0,51318000.0,48931000.0,45309000.0,44242000.0,43004000.0,0.0,33208760.0
Weighted Average Shs Out (Dil),53772000.0,53306000.0,52349000.0,51916000.0,49662000.0,45944000.0,44764000.0,43637000.0,0.0,33208760.0
Dividend per Share,0.0,0.0,0.0,0.0,0.0,0.0,0.0,0.0,0.0,0.0
Gross Margin,0.0,0.0,0.0,0.0,0.0,0.0,0.0,0.0,0.0,1.0
EBITDA Margin,3.02721359664,0.0,0.0,0.0,0.0,0.0,0.0,0.0,0.0,0.278
EBIT Margin,2.66372132839,0.0,0.0,0.0,0.0,0.0,0.0,0.0,0.0,0.2135
Profit Margin,1.90331003643,0.0,0.0,0.0,0.0,0.0,0.0,0.0,0.0,0.058
Free Cash Flow margin,1.7349488719,0.0,0.0,0.0,0.0,0.0,0.0,0.0,0.0,0.1822
EBITDA,1548892000.0,1039972000.0,778986000.0,714695000.0,749586000.0,794079000.0,449721000.0,260550000.0,239930000.0,108148000.0
EBIT,1362909000.0,874641000.0,640599000.0,603574000.0,652477000.0,685177000.0,363082000.0,171902000.0,198219000.0,83217000.0
Consolidated Income,973840000.0,490506000.0,382685000.0,343904000.0,263925000.0,215853000.0,175103000.0,171902000.0,94951000.0,10640000.0
Earnings Before Tax Margin,2.66372132839,0.0,0.0,0.0,0.0,0.0,0.0,0.0,0.0,0.2135
Net Profit Margin,1.90331003643,0.0,0.0,0.0,0.0,0.0,0.0,0.0,0.0,0.1232
