Date,2018-12-31,2017-12-31,2016-12-31,2015-12-31,2014-12-31,2013-12-31,2012-12-31,2011-12-31,2010-12-31,2009-12-31
Revenue,26285000.0,22974000.0,28235000.0,39507000.0,36979000.0,42675000.0,43329000.0,0.0,130501000.0,107279000.0
Revenue Growth,0.14411943936624,-0.186329024260669,-0.285316526185233,0.0683631250169015,-0.133473930872876,-0.0150938170740151,0.0,-1,0.216463613568359,0.09
Cost of Revenue,4333000.0,5082000.0,7564000.0,8152000.0,9317000.0,9707000.0,0.0,0.0,15507000.0,15486000.0
Gross Profit,21952000.0,17892000.0,20671000.0,31355000.0,27662000.0,32968000.0,0.0,0.0,114994000.0,91793000.0
R&D Expenses,8602000.0,8952000.0,15906000.0,13863000.0,14192000.0,21305000.0,0.0,0.0,42759000.0,36530000.0
SG&A Expense,14391000.0,14737000.0,19956000.0,20030000.0,22777000.0,33891000.0,0.0,0.0,53854000.0,44154000.0
Operating Expenses,23166000.0,23689000.0,36576000.0,33893000.0,39404000.0,60798000.0,0.0,0.0,96613000.0,80684000.0
Operating Income,-1214000.0,-5674000.0,-15905000.0,-2538000.0,-11742000.0,-27830000.0,-25697000.0,0.0,18381000.0,11109000.0
Interest Expense,0.0,0.0,0.0,0.0,0.0,0.0,0.0,0.0,0.0,0.0
Earnings before Tax,-2727000.0,-7207000.0,-14741000.0,-2534000.0,-11750000.0,-27800000.0,-25697000.0,0.0,18511000.0,11490000.0
Income Tax Expense,13000.0,-546000.0,-229000.0,68000.0,49000.0,153000.0,-234000.0,0.0,6165000.0,6738000.0
Net Income - Non-Controlling int,0.0,0.0,0.0,0.0,0.0,0.0,0.0,0.0,0.0,0.0
Net Income - Discontinued ops,0.0,0.0,0.0,0.0,0.0,0.0,0.0,0.0,0.0,0.0
Net Income,-2740000.0,-6661000.0,-14512000.0,-2602000.0,-11799000.0,-27953000.0,-25697000.0,0.0,12346000.0,4752000.0
Preferred Dividends,404000.0,0.0,0.0,0.0,0.0,0.0,0.0,0.0,0.0,0.0
Net Income Com,-2740000.0,-6661000.0,-14512000.0,-2602000.0,-11799000.0,-27953000.0,-25697000.0,0.0,12346000.0,4752000.0
EPS,-0.14,-0.49,-1.21,-0.06,-0.29,-0.76,-0.71,0.0,1.44,0.6
EPS Diluted,-0.14,-0.49,-1.21,-0.06,-0.29,-0.76,-0.71,0.0,1.44,0.56
Weighted Average Shs Out,22322000.0,13489000.0,11951000.0,45946000.0,40649000.0,36982000.0,35849000.0,0.0,8569772.0,8340500.0
Weighted Average Shs Out (Dil),22322000.0,13489000.0,11951000.0,45946000.0,40649000.0,36982000.0,35849000.0,0.0,8551000.0,8109500.0
Dividend per Share,0.0180987366723,0.0,0.0,0.0,0.0,0.0,0.0,0.0,0.0,0.0
Gross Margin,0.835153129161,0.778793418647,0.732105542766,0.79365682031,0.748046188377,0.772536613943,0.0,0.0,0.8812,0.8556
EBITDA Margin,-0.00745672436751,-0.186863410812,-0.505649017177,-0.0160477889994,-0.238270369669,-0.558265963679,-0.593066999008,0.0,0.232,0.205
EBIT Margin,-0.0461860376641,-0.246974841125,-0.563307951124,-0.0642417799377,-0.317531571973,-0.652138254247,-0.593066999008,0.0,0.1418,0.1071
Profit Margin,-0.104241963097,-0.2899364499,-0.513972020542,-0.0658617460197,-0.319072987371,-0.655020503808,-0.593066999008,0.0,0.095,0.044
Free Cash Flow margin,-0.115921628305,-0.326281883869,-0.425110678236,-0.00453084263548,-0.191054382217,-0.407803163445,0.0,0.0,0.1412,0.1276
EBITDA,-196000.0,-4293000.0,-14277000.0,-634000.0,-8811000.0,-23824000.0,-25697000.0,0.0,30289000.0,22030000.0
EBIT,-1214000.0,-5674000.0,-15905000.0,-2538000.0,-11742000.0,-27830000.0,-25697000.0,0.0,18511000.0,11490000.0
Consolidated Income,-2740000.0,-6661000.0,-14512000.0,-2602000.0,-11799000.0,-27953000.0,-25697000.0,0.0,12346000.0,4752000.0
Earnings Before Tax Margin,-0.10374738444,-0.313702446244,-0.522082521693,-0.0641405320576,-0.317747910977,-0.65143526655,-0.593066999008,0.0,0.1418,0.1071
Net Profit Margin,-0.104241963097,-0.2899364499,-0.513972020542,-0.0658617460197,-0.319072987371,-0.655020503808,-0.593066999008,0.0,0.0946,0.0443
