Date,2018-12-31,2017-12-31,2016-12-31,2015-12-31,2014-12-31,2013-12-31,2012-12-31,2011-12-31,2010-12-31,2009-12-31
Revenue,325839000.0,402361000.0,476750000.0,578831000.0,457314000.0,349047000.0,273692000.0,229084000.0,165969000.0,128805000.0
Revenue Growth,-0.190182448100089,-0.156033560566335,-0.176357175064915,0.265718958964738,0.310178858434537,0.275327740671996,0.194723332925914,0.380281859865397,0.288529172004192,0.1606
Cost of Revenue,288831000.0,287076000.0,310772000.0,317076000.0,242169000.0,187212000.0,134136000.0,122468000.0,83217000.0,64455000.0
Gross Profit,37008000.0,115285000.0,165978000.0,261755000.0,215145000.0,161835000.0,139556000.0,106616000.0,82752000.0,64350000.0
R&D Expenses,79172000.0,90850000.0,106681000.0,91430000.0,73620000.0,64845000.0,52307000.0,41541000.0,26008000.0,13153000.0
SG&A Expense,122112000.0,154037000.0,131106000.0,90735000.0,79227000.0,62096000.0,46680000.0,44886000.0,33743000.0,23650000.0
Operating Expenses,201284000.0,244887000.0,237787000.0,182165000.0,152847000.0,126941000.0,98098000.0,88247000.0,73449000.0,45302000.0
Operating Income,-164276000.0,-129602000.0,-71809000.0,79590000.0,62298000.0,34894000.0,41458000.0,18369000.0,9303000.0,19048000.0
Interest Expense,4911000.0,55771000.0,7013000.0,5711000.0,3003000.0,1089000.0,998000.0,0.0,917000.0,741000.0
Earnings before Tax,-263174000.0,-229087000.0,-74531000.0,76298000.0,60574000.0,34579000.0,42664000.0,18359000.0,9097000.0,18833000.0
Income Tax Expense,-17894000.0,-34863000.0,-7990000.0,29616000.0,21679000.0,11228000.0,15581000.0,3233000.0,5223000.0,6536000.0
Net Income - Non-Controlling int,0.0,0.0,0.0,0.0,0.0,0.0,0.0,0.0,0.0,0.0
Net Income - Discontinued ops,0.0,0.0,0.0,0.0,0.0,0.0,0.0,0.0,0.0,0.0
Net Income,-243748000.0,-109438000.0,19588000.0,40630000.0,38895000.0,23351000.0,27083000.0,15126000.0,3874000.0,12297000.0
Preferred Dividends,25593000.0,0.0,0.0,0.0,0.0,0.0,0.0,0.0,0.0,0.0
Net Income Com,-243748000.0,-109438000.0,19588000.0,40630000.0,38895000.0,23351000.0,27083000.0,15126000.0,3874000.0,12297000.0
EPS,-6.05,-2.45,0.45,0.96,0.96,0.6,0.71,0.44,0.12,0.4
EPS Diluted,-6.05,-2.45,0.45,0.89,0.92,0.58,0.69,0.43,0.12,0.39
Weighted Average Shs Out,40277000.0,44669000.0,43571000.0,42284000.0,40418000.0,38891000.0,38195000.0,37372000.0,31839781.0,31034691.0
Weighted Average Shs Out (Dil),40277000.0,44668921.0,43571000.0,47653000.0,43297000.0,40009000.0,39126000.0,38619000.0,31971000.0,30813000.0
Dividend per Share,0.175658564441,0.0,0.0,0.0,0.0,0.0,0.0,0.0,0.0,0.0
Gross Margin,0.11357756438,0.28652130798,0.348144729942,0.452213167574,0.470453561448,0.463648161995,0.509901641261,0.465401337501,0.4986,0.4996
EBITDA Margin,-0.201888049006,-0.0563250414429,0.0640272679601,0.267691260489,0.260774872407,0.218635312723,0.242922701431,0.147238567512,0.117,0.218
EBIT Margin,-0.504163098954,-0.322103782424,-0.150621919245,0.13750127412,0.136225875438,0.0999693451025,0.151476842582,0.0801845611217,0.0603,0.152
Profit Margin,-0.748062693539,-0.271989581495,0.0410865233351,0.0701931997422,0.0850509715425,0.0668993000943,0.098954298993,0.0660281818023,0.023,0.095
Free Cash Flow margin,-0.132043739393,-0.0755515569352,0.17629155742,0.0995471908035,-0.00635449603555,0.0219397387744,0.0827207225641,0.121584222381,0.0384,0.1372
EBITDA,-65783000.0,-22663000.0,30525000.0,154948000.0,119256000.0,76314000.0,66486000.0,33730000.0,19417000.0,28073000.0
EBIT,-164276000.0,-129602000.0,-71809000.0,79590000.0,62298000.0,34894000.0,41458000.0,18369000.0,10014000.0,19574000.0
Consolidated Income,-243748000.0,-109438000.0,19588000.0,40630000.0,38895000.0,23351000.0,27083000.0,15126000.0,3874000.0,12297000.0
Earnings Before Tax Margin,-0.807681094037,-0.569356871069,-0.156331410593,0.131813949149,0.132456036771,0.0990668878403,0.15588325563,0.0801409090115,0.0548,0.1462
Net Profit Margin,-0.748062693539,-0.271989581495,0.0410865233351,0.0701931997422,0.0850509715425,0.0668993000943,0.098954298993,0.0660281818023,0.0233,0.0955
