Date,2018-12-31,2017-12-31,2016-12-31,2015-12-31,2014-12-31,2013-12-31,2012-12-31,2011-12-31,2010-12-31,2009-12-31
Revenue,23495000000.0,23031000000.0,19896000000.0,17489000000.0,18467000000.0,17087000000.0,16537000000.0,0.0,0.0,15743000000.0
Revenue Growth,0.0201467587165125,0.157569360675513,0.137629367030705,-0.0529593328640277,0.0807631532744191,0.0332587530991111,0.0,0.0,-1,-0.0808
Cost of Revenue,11573000000.0,8905000000.0,4349000000.0,10808000000.0,3630910000.0,3651631000.0,2365592000.0,0.0,0.0,10770000000.0
Gross Profit,11922000000.0,14126000000.0,15547000000.0,6681000000.0,14836090000.0,13435369000.0,14171408000.0,0.0,0.0,4973000000.0
R&D Expenses,0.0,0.0,0.0,0.0,0.0,0.0,0.0,0.0,0.0,0.0
SG&A Expense,0.0,0.0,0.0,0.0,0.0,0.0,0.0,0.0,0.0,0.0
Operating Expenses,7731000000.0,11575000000.0,10918000000.0,2034000000.0,11194090000.0,10180369000.0,9708408000.0,0.0,0.0,1705000000.0
Operating Income,4191000000.0,2551000000.0,4629000000.0,4647000000.0,3642000000.0,3255000000.0,4463000000.0,0.0,0.0,3268000000.0
Interest Expense,0.0,0.0,0.0,840000000.0,0.0,0.0,0.0,0.0,0.0,905000000.0
Earnings before Tax,2749000000.0,1068000000.0,3480000000.0,3615000000.0,3008000000.0,2559000000.0,3749000000.0,0.0,0.0,2604000000.0
Income Tax Expense,449000000.0,142000000.0,951000000.0,1194000000.0,977000000.0,849000000.0,1334000000.0,0.0,0.0,896000000.0
Net Income - Non-Controlling int,0.0,0.0,0.0,14000000.0,0.0,0.0,0.0,0.0,0.0,0.0
Net Income - Discontinued ops,0.0,0.0,0.0,0.0,0.0,0.0,0.0,0.0,0.0,0.0
Net Income,2226000000.0,1071000000.0,338000000.0,2421000000.0,172300000.0,1644000000.0,2350000000.0,0.0,0.0,1708000000.0
Preferred Dividends,16000000.0,38000000.0,45000000.0,54000000.0,68000000.0,0.0,0.0,0.0,0.0,65000000.0
Net Income Com,2226000000.0,1071000000.0,338000000.0,2367000000.0,172300000.0,1644000000.0,2350000000.0,0.0,0.0,1643000000.0
EPS,2.18,0.84,2.57,2.6,2.19,1.88,2.7,0.0,0.0,2.07
EPS Diluted,2.17,0.84,2.55,2.59,2.18,1.87,2.67,0.0,0.0,2.06
Weighted Average Shs Out,1020000000.0,1000000000.0,951000000.0,908938919.0,897000000.0,877000000.0,871000000.0,0.0,0.0,800211378.0
Weighted Average Shs Out (Dil),1025000000.0,1008000000.0,958000000.0,910000000.0,901000000.0,881000000.0,879000000.0,0.0,0.0,795000000.0
Dividend per Share,2.36585365854,2.28174603175,2.19624217119,2.153,2.07103218646,2.0,1.9260523322,0.0,0.0,1.732
Gross Margin,0.507427112152,0.61334722765,0.781413349417,0.382,0.803383873937,0.786291859308,0.856951563161,0.0,0.0,0.3159
EBITDA Margin,0.329431793999,0.260865789588,0.379573783675,0.392,0.32138409054,0.324983905893,0.399588800871,0.0,0.0,0.336
EBIT Margin,0.178378378378,0.110763753202,0.232659831122,0.2547,0.197216656739,0.190495698484,0.269879663784,0.0,0.0,0.2229
Profit Margin,0.0947435624601,0.0465025400547,0.0169883393647,0.135,0.00933015649537,0.09621349564,0.142105581423,0.0,0.0,0.104
Free Cash Flow margin,-0.0449457331347,-0.0446354912943,-0.121431443506,0.0573,-0.00877240483024,0.0371042312869,0.00538187095604,0.0,0.0,-0.0541
EBITDA,7740000000.0,6008000000.0,7552000000.0,6850000000.0,5935000000.0,5553000000.0,6608000000.0,0.0,0.0,5297000000.0
EBIT,4191000000.0,2551000000.0,4629000000.0,4455000000.0,3642000000.0,3255000000.0,4463000000.0,0.0,0.0,3509000000.0
Consolidated Income,2226000000.0,1071000000.0,338000000.0,2435000000.0,172300000.0,1644000000.0,2350000000.0,0.0,0.0,1708000000.0
Earnings Before Tax Margin,0.117003617791,0.0463722808389,0.174909529554,0.2067,0.162885146478,0.149762977702,0.226703755216,0.0,0.0,0.1654
Net Profit Margin,0.0947435624601,0.0465025400547,0.0169883393647,0.1384,0.00933015649537,0.09621349564,0.142105581423,0.0,0.0,0.1085
