Date,2019-09-30,2018-09-30,2017-09-30,2016-09-30,2015-09-30,2014-09-30,2013-09-30,2012-09-30,2011-09-30,2010-09-30
Revenue,3802100000.0,3145900000.0,5008500000.0,5215400000.0,5815900000.0,5963000000.0,5543400000.0,4480716000.0,0.0,2567011000.0
Revenue Growth,0.208588957055215,-0.371887790755715,-0.0396709744219044,-0.10325143142076,-0.0246687908770753,0.0756936176353862,0.237168345416224,0.0,-1,
Cost of Revenue,2495200000.0,217800000.0,3132600000.0,3306600000.0,4482000000.0,3989300000.0,3541300000.0,3086123000.0,0.0,1645601000.0
Gross Profit,1306900000.0,1153600000.0,1875900000.0,1908800000.0,1333900000.0,1973700000.0,2002100000.0,1394593000.0,0.0,921410000.0
R&D Expenses,43500000.0,28300000.0,59500000.0,58700000.0,51300000.0,47900000.0,43300000.0,33087000.0,0.0,0.0
SG&A Expense,354600000.0,323900000.0,1359600000.0,1243600000.0,1476500000.0,1335400000.0,1220500000.0,870755000.0,0.0,760956000.0
Operating Expenses,1234700000.0,1051600000.0,1359600000.0,1280800000.0,1561700000.0,1404200000.0,1264700000.0,985102000.0,0.0,776707000.0
Operating Income,72200000.0,102000000.0,516300000.0,628000000.0,-227800000.0,569500000.0,737400000.0,409491000.0,0.0,144703000.0
Interest Expense,0.0,0.0,360100000.0,397100000.0,429700000.0,321900000.0,511900000.0,251032000.0,0.0,277015000.0
Earnings before Tax,-193800000.0,-156300000.0,151200000.0,231900000.0,-440800000.0,213200000.0,118300000.0,25386000.0,0.0,-88674000.0
Income Tax Expense,-7100000.0,-460700000.0,48300000.0,41500000.0,71600000.0,111500000.0,187300000.0,-85282000.0,0.0,63195000.0
Net Income - Non-Controlling int,0.0,0.0,0.0,0.0,0.0,0.0,0.0,0.0,0.0,-46373000.0
Net Income - Discontinued ops,0.0,0.0,0.0,0.0,0.0,0.0,0.0,0.0,0.0,2735000.0
Net Income,471900000.0,768300000.0,106000000.0,-198800000.0,-556800000.0,-10300000.0,-45800000.0,89556000.0,0.0,-151869000.0
Preferred Dividends,0.0,0.0,0.0,0.0,0.0,73600000.0,48400000.0,59641000.0,0.0,0.0
Net Income Com,471900000.0,768300000.0,106000000.0,-198800000.0,-556800000.0,-10300000.0,-45800000.0,89556000.0,0.0,-151869000.0
EPS,9.31,20.79,0.53,-1.0,-2.81,-0.51,-0.67,0.15,0.0,-7.132
EPS Diluted,9.31,20.74,0.53,-0.99,-2.81,-0.51,-0.67,0.15,0.0,-7.132
Weighted Average Shs Out,50700000.0,36900000.0,199990000.0,198374000.0,198142000.0,162941000.0,139856000.0,139356000.0,0.0,
Weighted Average Shs Out (Dil),50700000.0,37000000.0,199990000.0,201588000.0,198142000.0,162941000.0,139856000.0,139818000.0,0.0,
Dividend per Share,14.1499013807,10.1135135135,0.125006250313,0.0,0.61168253071,0.175523655802,0.238817068985,0.226508747085,0.0,0.0
Gross Margin,0.343731095973,0.366699513653,0.37454327643,0.36599302067,0.229354012277,0.330991111856,0.361168236101,0.311243337002,0.0,0.3589
EBITDA Margin,0.0691459982641,0.0805174989669,0.165338923829,0.159680944894,-0.00044705032755,0.143333892336,0.204549554425,0.173813961876,0.0,0.113
EBIT Margin,0.0189895057994,0.0324231539464,0.103084755915,0.120412624152,-0.0391684863908,0.0955056179775,0.133023054443,0.0913896350494,0.0,0.0734
Profit Margin,0.124115620315,0.24422263899,0.021164021164,-0.0381178816582,-0.0957375470692,-0.00172731846386,-0.00826207742541,0.0199869842231,0.0,-0.059
Free Cash Flow margin,-0.0150706188685,0.0884961378302,0.144773884397,0.156824021168,0.0287831633969,0.0854771088378,0.0761626438648,0.126136313928,0.0,0.0042
EBITDA,262900000.0,253300000.0,828100000.0,832800000.0,-2600000.0,854700000.0,1133900000.0,778811000.0,0.0,289102000.0
EBIT,72200000.0,102000000.0,516300000.0,628000000.0,-227800000.0,569500000.0,737400000.0,409491000.0,0.0,188341000.0
Consolidated Income,471900000.0,768300000.0,106000000.0,-198800000.0,-556800000.0,-10300000.0,-45800000.0,89556000.0,0.0,-198242000.0
Earnings Before Tax Margin,-0.0509718313564,-0.049683715312,0.0301886792453,0.0444644706063,-0.0757922247631,0.0357538151937,0.0213406934372,0.00566561237088,0.0,-0.0345
Net Profit Margin,0.124115620315,0.24422263899,0.021164021164,-0.0381178816582,-0.0957375470692,-0.00172731846386,-0.00826207742541,0.0199869842231,0.0,-0.0592
