Date,2018-12-31,2017-12-31,2016-12-31,2015-12-31,2014-12-31,2013-12-31,2012-12-31,2011-12-31,2010-12-31,2009-12-31
Revenue,2265803000.0,2157323000.0,1939322000.0,1728332000.0,2014214000.0,2203140000.0,2429160000.0,2145286000.0,1830413000.0,1438659000.0
Revenue Growth,0.0502845424630433,0.112410935368134,0.122077239789577,-0.141932287234624,-0.0857530615394392,-0.0930445092130613,0.132324547869142,0.172022925973537,0.272304972894897,-0.1891
Cost of Revenue,1483524000.0,1394822000.0,1328285000.0,1185583000.0,1431242000.0,1481690000.0,1400567000.0,1290494000.0,1204410000.0,908474000.0
Gross Profit,782279000.0,762501000.0,611037000.0,542749000.0,582972000.0,721450000.0,1028593000.0,854792000.0,626003000.0,530185000.0
R&D Expenses,0.0,0.0,0.0,0.0,0.0,0.0,0.0,0.0,0.0,0.0
SG&A Expense,118126000.0,101171000.0,88436000.0,86830000.0,96532000.0,105189000.0,106442000.0,91760000.0,78819000.0,75470000.0
Operating Expenses,152066000.0,162809000.0,178167000.0,193245000.0,160827000.0,154586000.0,141070000.0,154807000.0,78819000.0,97317000.0
Operating Income,630213000.0,599692000.0,432870000.0,349504000.0,422145000.0,566864000.0,887523000.0,699985000.0,547184000.0,432868000.0
Interest Expense,59914000.0,50124000.0,57498000.0,69853000.0,63373000.0,58608000.0,54095000.0,39335000.0,35042000.0,30979000.0
Earnings before Tax,618805000.0,593870000.0,411255000.0,304122000.0,397575000.0,605652000.0,865249000.0,725468000.0,488151000.0,414137000.0
Income Tax Expense,178975000.0,166173000.0,132965000.0,83766000.0,160686000.0,138539000.0,216082000.0,179710000.0,106029000.0,75840000.0
Net Income - Non-Controlling int,2233000.0,720000.0,3634000.0,4164000.0,7389000.0,7457000.0,8202000.0,8361000.0,5149000.0,1466000.0
Net Income - Discontinued ops,0.0,0.0,0.0,0.0,0.0,0.0,0.0,0.0,0.0,0.0
Net Income,439830000.0,427697000.0,278290000.0,220356000.0,236889000.0,467113000.0,649167000.0,545758000.0,382122000.0,338297000.0
Preferred Dividends,0.0,0.0,0.0,0.0,0.0,0.0,0.0,0.0,0.0,0.0
Net Income Com,439830000.0,427697000.0,278290000.0,220356000.0,236889000.0,467113000.0,649167000.0,545758000.0,382122000.0,338297000.0
EPS,1.671,1.625,1.057,0.84,0.9,1.77,2.47,2.07,1.45,1.258
EPS Diluted,1.671,1.625,1.057,0.84,0.9,1.77,2.47,2.07,1.45,1.258
Weighted Average Shs Out,142819552.0,142819552.0,142819552.0,142819552.0,142819552.0,142819552.0,142819552.0,142819552.0,142819552.0,142819552.0
Weighted Average Shs Out (Dil),142819552.0,142819552.0,142819552.0,142819552.0,142819552.0,142819552.0,142819552.0,142819552.0,142819552.0,142819552.0
Dividend per Share,2.632,0.916,1.212,0.415,1.06,0.78,1.02,0.75,0.45,1.01
Gross Margin,0.3453,0.3534,0.3151,0.314,0.2894,0.3275,0.4234,0.3985,0.342,0.3685
EBITDA Margin,0.3,0.299,0.242,0.216,0.229,0.302,0.378,0.357,0.364,0.405
EBIT Margin,0.2995,0.2985,0.2417,0.2164,0.2288,0.3015,0.3785,0.3565,0.2858,0.3094
Profit Margin,0.194,0.198,0.143,0.127,0.118,0.212,0.267,0.254,0.209,0.235
Free Cash Flow margin,0.26,0.3749,0.3422,0.2338,0.2378,0.1205,0.0833,0.0347,0.1578,0.0149
EBITDA,678719000.0,643994000.0,468753000.0,373975000.0,460948000.0,664260000.0,919344000.0,764803000.0,667133000.0,582178000.0
EBIT,678719000.0,643994000.0,468753000.0,373975000.0,460948000.0,664260000.0,919344000.0,764803000.0,523193000.0,445116000.0
Consolidated Income,442063000.0,428417000.0,281924000.0,224520000.0,244278000.0,474570000.0,657369000.0,554119000.0,387271000.0,339763000.0
Earnings Before Tax Margin,0.2731,0.2753,0.2121,0.176,0.1974,0.2749,0.3562,0.3382,0.2667,0.2879
Net Profit Margin,0.1941,0.1983,0.1435,0.1275,0.1176,0.212,0.2672,0.2544,0.2088,0.2351
