Date,2018-12-31,2017-12-31,2016-12-31,2015-12-31,2014-12-31,2013-12-31,2012-12-31,2011-12-31,2010-12-31,2009-12-31
Revenue,3485900000.0,3580700000.0,3562342000.0,2985908000.0,2555601000.0,2142807000.0,1913149000.0,1676048000.0,1439388000.0,1177736000.0
Revenue Growth,-0.0264752701985645,0.00515335136267096,0.193051493883937,0.16837800579981,0.192641707815963,0.120041878599105,0.14146432560404,0.164417099489505,0.222165239068858,0.0868
Cost of Revenue,2109900000.0,2118200000.0,2224388000.0,1785493000.0,1509328000.0,1216578000.0,1087496000.0,940215000.0,807245000.0,625340000.0
Gross Profit,1376000000.0,1462500000.0,1337954000.0,1200415000.0,1046273000.0,926229000.0,825653000.0,735833000.0,632143000.0,552396000.0
R&D Expenses,0.0,0.0,0.0,0.0,0.0,0.0,0.0,0.0,0.0,0.0
SG&A Expense,1178400000.0,1470100000.0,904179000.0,712803000.0,489937000.0,390610000.0,356817000.0,0.0,261460000.0,231817000.0
Operating Expenses,1178400000.0,1470100000.0,904179000.0,712803000.0,489937000.0,390610000.0,356817000.0,311522000.0,261460000.0,237207000.0
Operating Income,-161100000.0,-7600000.0,433775000.0,487612000.0,556336000.0,535619000.0,468836000.0,424311000.0,370683000.0,315189000.0
Interest Expense,106600000.0,94000000.0,97787000.0,77498000.0,66142000.0,55243000.0,51674000.0,49431000.0,37081000.0,34333000.0
Earnings before Tax,-275400000.0,-107900000.0,328145000.0,410907000.0,487568000.0,477746000.0,417197000.0,372324000.0,331853000.0,276990000.0
Income Tax Expense,-29800000.0,-150900000.0,120246000.0,142894000.0,159422000.0,164662000.0,147256000.0,134981000.0,121396000.0,101299000.0
Net Income - Non-Controlling int,0.0,0.0,0.0,0.0,0.0,0.0,0.0,0.0,0.0,698000.0
Net Income - Discontinued ops,0.0,0.0,0.0,0.0,0.0,0.0,0.0,0.0,0.0,0.0
Net Income,-244700000.0,42400000.0,206359000.0,267046000.0,326456000.0,311372000.0,267996000.0,234751000.0,207879000.0,175691000.0
Preferred Dividends,25500000.0,36300000.0,39414000.0,10106000.0,0.0,0.0,0.0,0.0,0.0,0.0
Net Income Com,-244700000.0,42400000.0,206359000.0,267046000.0,326456000.0,311372000.0,267996000.0,234751000.0,207879000.0,175691000.0
EPS,-2.91,0.27,2.1,3.02,3.84,3.62,3.14,2.75,2.44,2.07
EPS Diluted,-2.91,0.27,2.08,2.98,3.79,3.56,3.08,2.69,2.39,2.03
Weighted Average Shs Out,87100000.0,85300000.0,84932402.0,84944841.0,84932792.0,85902550.0,85401365.0,85467421.0,85057775.0,84226426.0
Weighted Average Shs Out (Dil),87100000.0,85600000.0,85610219.0,86162609.0,86233612.0,87391988.0,87018473.0,87367712.0,86962651.0,84769912.0
Dividend per Share,0.292766934558,0.424065420561,0.460388963612,0.117289855975,0.0,0.0,0.00666525141162,0.0,0.0,0.0
Gross Margin,0.394733067501,0.408439690563,0.37558269251,0.402026787162,0.409403893644,0.432250314657,0.431567536036,0.43902859584,0.439174843753,0.469
EBITDA Margin,0.027195272383,0.0675566230067,0.192660053414,0.20597553575,0.25862879221,0.291219414534,0.284932851545,0.293307828893,0.294964248695,0.298
EBIT Margin,-0.0462147508534,-0.00212249001592,0.121766803973,0.16330442867,0.217692824506,0.24996138243,0.245059846358,0.253161603964,0.257528199485,0.2643
Profit Margin,-0.0701970796638,0.0118412600888,0.0579279024866,0.0894354414135,0.127741380599,0.145310333595,0.140081091436,0.140062217789,0.14442179593,0.149
Free Cash Flow margin,0.0100117616684,0.102102940766,0.115398521534,0.0922891797068,0.141651220202,0.15417067426,0.168419710122,0.150832792378,0.192686058241,0.2015
EBITDA,94800000.0,241900000.0,686321000.0,615024000.0,660952000.0,624027000.0,545119000.0,491598000.0,424568000.0,351313000.0
EBIT,-161100000.0,-7600000.0,433775000.0,487612000.0,556336000.0,535619000.0,468836000.0,424311000.0,370683000.0,311323000.0
Consolidated Income,-244700000.0,42400000.0,206359000.0,267046000.0,326456000.0,311372000.0,267996000.0,234751000.0,207879000.0,176389000.0
Earnings Before Tax Margin,-0.0790039874925,-0.030133772726,0.0921149625724,0.137615425526,0.190784085622,0.222953350442,0.218068221555,0.222143995876,0.230551456591,0.2352
Net Profit Margin,-0.0701970796638,0.0118412600888,0.0579279024866,0.0894354414135,0.127741380599,0.145310333595,0.140081091436,0.140062217789,0.14442179593,0.1492
