Date,2018-12-31,2017-12-31,2016-12-31,2015-12-31,2014-12-31,2013-12-31,2012-12-31,2011-12-31,2010-12-31,2009-12-31
Revenue,11687000000.0,11207000000.0,10183000000.0,10231000000.0,11035000000.0,10557000000.0,9647000000.0,10036000000.0,9003000000.0,8106000000.0
Revenue Growth,0.0428303738734719,0.10055975645684,-0.00469162349721435,-0.0728590847304033,0.0452780145874775,0.0943298434746553,-0.0387604623355919,0.114739531267355,0.110658771280533,-0.2465
Cost of Revenue,1208000000.0,87000000.0,81000000.0,66000000.0,78000000.0,0.0,0.0,0.0,0.0,5725000000.0
Gross Profit,10479000000.0,11120000000.0,10102000000.0,10165000000.0,10957000000.0,0.0,0.0,0.0,0.0,2381000000.0
R&D Expenses,0.0,0.0,0.0,0.0,0.0,0.0,0.0,0.0,0.0,0.0
SG&A Expense,82000000.0,87000000.0,81000000.0,66000000.0,78000000.0,0.0,0.0,0.0,0.0,0.0
Operating Expenses,82000000.0,87000000.0,81000000.0,66000000.0,78000000.0,0.0,0.0,0.0,0.0,1207000000.0
Operating Income,591000000.0,622000000.0,557000000.0,608000000.0,521000000.0,539000000.0,420000000.0,486000000.0,517000000.0,1174000000.0
Interest Expense,925000000.0,659000000.0,553000000.0,561000000.0,554000000.0,559000000.0,493000000.0,465000000.0,436000000.0,367000000.0
Earnings before Tax,810000000.0,1585000000.0,1830000000.0,1189000000.0,1524000000.0,1430000000.0,943000000.0,1721000000.0,786000000.0,1551000000.0
Income Tax Expense,96000000.0,1276000000.0,389000000.0,341000000.0,300000000.0,366000000.0,59000000.0,366000000.0,102000000.0,422000000.0
Net Income - Non-Controlling int,0.0,0.0,0.0,0.0,0.0,0.0,0.0,0.0,0.0,-7000000.0
Net Income - Discontinued ops,0.0,0.0,0.0,0.0,0.0,0.0,0.0,0.0,0.0,0.0
Net Income,924000000.0,256000000.0,1370000000.0,1349000000.0,1161000000.0,1001000000.0,859000000.0,1357000000.0,739000000.0,1129000000.0
Preferred Dividends,125000000.0,1000000.0,1000000.0,1000000.0,1000000.0,1000000.0,1000000.0,1000000.0,4000000.0,10000000.0
Net Income Com,924000000.0,256000000.0,1370000000.0,1349000000.0,1161000000.0,1001000000.0,859000000.0,1357000000.0,739000000.0,1119000000.0
EPS,3.45,1.02,5.48,5.43,4.72,4.1,3.56,5.66,3.02,4.6
EPS Diluted,3.42,1.01,5.46,5.37,4.63,4.01,3.48,5.62,2.98,4.52
Weighted Average Shs Out,268072000.0,251545000.0,250217000.0,248249000.0,245891000.0,243863000.0,241347000.0,239720000.0,244736000.0,246442856.0
Weighted Average Shs Out (Dil),269852000.0,252300000.0,251155000.0,250923000.0,250655000.0,249332000.0,246693000.0,241523000.0,247942000.0,243339000.0
Dividend per Share,3.24992959104,2.9924692826,2.73138101969,2.50275981078,2.38574933674,2.43049428072,2.22949171642,1.82177266761,1.46808527801,1.56
Gross Margin,0.896637289296,0.992236994735,0.99204556614,0.993549017691,0.992931581332,0.0,0.0,0.0,0.0,0.2937
EBITDA Margin,0.230683665611,0.234407067012,0.230285770402,0.226664060209,0.191028545537,0.192763095576,0.194049963719,0.178856117975,0.188048428302,0.332
EBIT Margin,0.0505690082998,0.0555010261444,0.0546990081508,0.0594272309647,0.0472134118713,0.0510561712608,0.0435368508345,0.0484256675967,0.0574253026769,0.2366
Profit Margin,0.0790622058698,0.0228428660659,0.134537955416,0.131854168703,0.105210693249,0.09481860377,0.0890432258733,0.135213232363,0.0820837498612,0.138
Free Cash Flow margin,-0.0288354582014,-0.0289105023646,-0.186094471177,-0.0245332812042,-0.0871771635705,-0.0746424173534,-0.097232300197,-0.0973495416501,0.0102188159502,-0.0046
EBITDA,2696000000.0,2627000000.0,2345000000.0,2319000000.0,2108000000.0,2035000000.0,1872000000.0,1795000000.0,1693000000.0,2693000000.0
EBIT,591000000.0,622000000.0,557000000.0,608000000.0,521000000.0,539000000.0,420000000.0,486000000.0,517000000.0,1918000000.0
Consolidated Income,924000000.0,256000000.0,1370000000.0,1349000000.0,1161000000.0,1001000000.0,859000000.0,1357000000.0,739000000.0,1122000000.0
Earnings Before Tax Margin,0.0693077778729,0.141429463728,0.179711283512,0.116215423712,0.13810602628,0.135455148243,0.0977505960402,0.171482662415,0.0873042319227,0.1913
Net Profit Margin,0.0790622058698,0.0228428660659,0.134537955416,0.131854168703,0.105210693249,0.09481860377,0.0890432258733,0.135213232363,0.0820837498612,0.1393
