Date,2018-12-31,2017-12-31,2016-12-31,2015-12-31,2014-12-31,2013-12-31,2012-12-31,2011-12-31,2010-12-31,2009-12-31
Revenue,1078809000.0,977025000.0,860661000.0,794059000.0,752148000.0,706329000.0,657236000.0,603446000.0,555487000.0,526544000.0
Revenue Growth,0.104177477546634,0.135203059044153,0.0838753795372888,0.0557217462520674,0.0648692040111619,0.0746961517628371,0.0891380504635046,0.0863368539677796,0.0549678659333313,-0.2219
Cost of Revenue,598290000.0,530761000.0,448211000.0,435140000.0,410118000.0,391791000.0,373759000.0,332642000.0,311349000.0,341645000.0
Gross Profit,480519000.0,446264000.0,412450000.0,358919000.0,342030000.0,314538000.0,283477000.0,270804000.0,244138000.0,184899000.0
R&D Expenses,10800000.0,10600000.0,9900000.0,10300000.0,11200000.0,10700000.0,11500000.0,6100000.0,0.0,18756000.0
SG&A Expense,269024000.0,259641000.0,227505000.0,204091000.0,203531000.0,194179000.0,183337000.0,169388000.0,143081000.0,133853000.0
Operating Expenses,312080000.0,307097000.0,272973000.0,249898000.0,242754000.0,233060000.0,221768000.0,196747000.0,165714000.0,153403000.0
Operating Income,172332000.0,139167000.0,139477000.0,109021000.0,99276000.0,81478000.0,61709000.0,74057000.0,78424000.0,31496000.0
Interest Expense,1064000.0,1177000.0,1147000.0,997000.0,855000.0,901000.0,793000.0,573000.0,344000.0,367000.0
Earnings before Tax,172128000.0,144418000.0,138900000.0,108679000.0,99322000.0,81564000.0,61921000.0,78786000.0,44798000.0,29573000.0
Income Tax Expense,45495000.0,51801000.0,49166000.0,40791000.0,35791000.0,30593000.0,20003000.0,27886000.0,33239000.0,17356000.0
Net Income - Non-Controlling int,0.0,0.0,0.0,0.0,0.0,0.0,0.0,0.0,0.0,0.0
Net Income - Discontinued ops,0.0,0.0,0.0,0.0,0.0,0.0,0.0,0.0,0.0,1904000.0
Net Income,126633000.0,92617000.0,89734000.0,67888000.0,63531000.0,50971000.0,41918000.0,50900000.0,28586000.0,12217000.0
Preferred Dividends,0.0,0.0,0.0,0.0,0.0,0.0,0.0,0.0,0.0,0.0
Net Income Com,126633000.0,92617000.0,89734000.0,67888000.0,63531000.0,50971000.0,41918000.0,50900000.0,28586000.0,12217000.0
EPS,2.74,1.95,1.87,1.39,1.3,1.05,0.87,1.04,0.58,0.25
EPS Diluted,2.72,1.94,1.86,1.38,1.29,1.05,0.87,1.04,0.58,0.25
Weighted Average Shs Out,46213000.0,47486000.0,48084000.0,48952000.0,48977000.0,48521000.0,48339000.0,48974000.0,49498000.0,49302460.0
Weighted Average Shs Out (Dil),46540000.0,47774000.0,48295000.0,49181000.0,49194000.0,48673000.0,48412000.0,49023000.0,49612000.0,49135000.0
Dividend per Share,0.857133648474,0.774082136727,0.677316492391,0.596815843517,0.526852868236,0.372485772399,0.623667685698,0.475878669196,0.398371361767,0.4
Gross Margin,0.445416195082,0.456758015404,0.479224688931,0.452005455514,0.454737631424,0.445313727739,0.431316908995,0.448762606762,0.439502634625,0.3512
EBITDA Margin,0.196258095733,0.176956577365,0.194506315495,0.171072930349,0.169107675617,0.154313358223,0.134755247734,0.157110992533,0.182335500201,0.113
EBIT Margin,0.159742827507,0.14243954863,0.162057999607,0.137295843256,0.131989980695,0.115354176312,0.0938916918732,0.122723491414,0.141180621689,0.0569
Profit Margin,0.117382224286,0.0947949131291,0.104261724419,0.0854949065498,0.0844660891208,0.0721632553668,0.0637792208583,0.0843488895444,0.0514611503059,0.023
Free Cash Flow margin,0.121217008757,0.0624589954198,0.0615166714885,0.100774627578,0.0578423395396,0.126997475681,0.0701285383028,0.0149541135412,0.087951653234,0.213
EBITDA,211725000.0,172891000.0,167404000.0,135842000.0,127194000.0,108996000.0,88566000.0,94808000.0,101285000.0,59327000.0
EBIT,172332000.0,139167000.0,139477000.0,109021000.0,99276000.0,81478000.0,61709000.0,74057000.0,78424000.0,29940000.0
Consolidated Income,126633000.0,92617000.0,89734000.0,67888000.0,63531000.0,50971000.0,41918000.0,50900000.0,28586000.0,12217000.0
Earnings Before Tax Margin,0.159553730086,0.147814027277,0.161387584659,0.136865144781,0.132051138872,0.115475932604,0.0942142548491,0.130560149541,0.0806463517598,0.0562
Net Profit Margin,0.117382224286,0.0947949131291,0.104261724419,0.0854949065498,0.0844660891208,0.0721632553668,0.0637792208583,0.0843488895444,0.0514611503059,0.0232
