Date,2018-12-31,2017-12-31,2016-12-31,2015-12-31,2014-12-31,2013-12-31,2012-12-31,2011-12-31,2010-12-31,2009-12-31
Revenue,2611000.0,0.0,0.0,26651000.0,24737000.0,0.0,0.0,0.0,19018000.0,22903000.0
Revenue Growth,0.0,0.0,-1,0.0773739742086753,0.0,0.0,0.0,-1,-0.169628432956381,-0.0014
Cost of Revenue,0.0,0.0,0.0,0.0,0.0,0.0,0.0,0.0,0.0,0.0
Gross Profit,0.0,0.0,0.0,26651000.0,24737000.0,0.0,0.0,0.0,19018000.0,22903000.0
R&D Expenses,0.0,0.0,0.0,0.0,0.0,0.0,0.0,0.0,0.0,0.0
SG&A Expense,12636000.0,11455000.0,10980000.0,16455000.0,16382000.0,10501000.0,0.0,0.0,13963000.0,13383000.0
Operating Expenses,12636000.0,11455000.0,10980000.0,20179000.0,20233000.0,10501000.0,0.0,0.0,17950000.0,17790000.0
Operating Income,11050000.0,8723000.0,7431000.0,6472000.0,4504000.0,3110000.0,0.0,0.0,1068000.0,5113000.0
Interest Expense,7836000.0,5858000.0,4513000.0,0.0,0.0,3813000.0,0.0,0.0,0.0,0.0
Earnings before Tax,11050000.0,8723000.0,7431000.0,6472000.0,4504000.0,3110000.0,0.0,0.0,1068000.0,5113000.0
Income Tax Expense,3020000.0,4776000.0,2695000.0,2272000.0,1419000.0,640000.0,0.0,0.0,-165000.0,1479000.0
Net Income - Non-Controlling int,0.0,0.0,0.0,0.0,0.0,0.0,0.0,0.0,0.0,0.0
Net Income - Discontinued ops,0.0,0.0,0.0,0.0,0.0,0.0,0.0,0.0,0.0,0.0
Net Income,8030000.0,3947000.0,4736000.0,4200000.0,3085000.0,2470000.0,0.0,0.0,1233000.0,3634000.0
Preferred Dividends,0.0,0.0,0.0,456000.0,683000.0,633000.0,0.0,0.0,550000.0,504000.0
Net Income Com,8030000.0,3947000.0,4736000.0,3744000.0,2402000.0,2470000.0,0.0,0.0,683000.0,3130000.0
EPS,0.93,0.5,0.78,0.62,0.4,0.31,0.0,0.0,0.12,0.54
EPS Diluted,0.93,0.5,0.78,0.62,0.4,0.31,0.0,0.0,0.12,0.54
Weighted Average Shs Out,8672840.0,7906791.0,6109983.0,6079986.0,6029374.0,5937058.0,0.0,0.0,5846928.0,5556211.0
Weighted Average Shs Out (Dil),8672840.0,7906791.0,6109983.0,6077657.0,6003814.0,5937058.0,0.0,0.0,5843419.0,5832186.0
Dividend per Share,0.119914583919,0.121541090437,0.109983939399,0.08,0.05,0.0400871947015,0.0,0.0,0.28,0.271
Gross Margin,0.0,0.0,0.0,1.0,1.0,0.0,0.0,0.0,1.0,1.0
EBITDA Margin,4.20451934125,0.0,0.0,0.258,0.199,0.0,0.0,0.0,0.097,0.26
EBIT Margin,4.23209498277,0.0,0.0,0.2428,0.1821,0.0,0.0,0.0,0.0562,0.2232
Profit Margin,3.07545001915,0.0,0.0,0.14,0.097,0.0,0.0,0.0,0.036,0.137
Free Cash Flow margin,2.66679433167,0.0,0.0,0.022,0.3287,0.0,0.0,0.0,0.0119,0.1535
EBITDA,10978000.0,8571000.0,7241000.0,6864000.0,4924000.0,2195000.0,0.0,0.0,1843000.0,5954000.0
EBIT,11050000.0,8723000.0,7431000.0,6472000.0,4504000.0,3110000.0,0.0,0.0,1068000.0,5113000.0
Consolidated Income,8030000.0,3947000.0,4736000.0,4200000.0,3085000.0,2470000.0,0.0,0.0,1233000.0,3634000.0
Earnings Before Tax Margin,4.23209498277,0.0,0.0,0.2428,0.1821,0.0,0.0,0.0,0.0562,0.2232
Net Profit Margin,3.07545001915,0.0,0.0,0.1576,0.1247,0.0,0.0,0.0,0.0648,0.1587
