Date,2018-12-31,2017-12-31,2016-12-31,2015-12-31,2014-12-31,2013-12-31,2012-12-31,2011-12-31,2010-12-31,2009-12-31
Revenue,29855000.0,31449000.0,31757000.0,18495000.0,915000.0,536000.0,0.0,0.0,0.0,0.0
Revenue Growth,-0.0506852364145124,-0.00969864911673017,0.71705866450392,19.2131147540984,0.707089552238806,0.0,0.0,0.0,0.0,0.0
Cost of Revenue,12735000.0,13498000.0,12636000.0,13719000.0,4935000.0,4341000.0,0.0,0.0,0.0,0.0
Gross Profit,17120000.0,17951000.0,19121000.0,4776000.0,-4020000.0,-3805000.0,0.0,0.0,0.0,0.0
R&D Expenses,1065000.0,1711000.0,1929000.0,2029000.0,1641000.0,3782000.0,0.0,0.0,11496634.0,10950114.0
SG&A Expense,19410000.0,18650000.0,20789000.0,9194000.0,10961000.0,15536000.0,0.0,0.0,8738203.0,7631251.0
Operating Expenses,20475000.0,20361000.0,22718000.0,21251000.0,12602000.0,20329000.0,0.0,0.0,19954097.0,18498103.0
Operating Income,-3355000.0,-2410000.0,-3597000.0,-16475000.0,-16622000.0,-24134000.0,0.0,0.0,-19954097.0,-18498103.0
Interest Expense,1142000.0,4612000.0,4900000.0,10200000.0,2380000.0,564000.0,0.0,0.0,0.0,0.0
Earnings before Tax,-4297000.0,-18702000.0,-3080000.0,-24828000.0,0.0,0.0,0.0,0.0,-19922515.0,-18452844.0
Income Tax Expense,-264000.0,129000.0,255000.0,119000.0,0.0,0.0,0.0,0.0,0.0,0.0
Net Income - Non-Controlling int,0.0,0.0,0.0,0.0,0.0,0.0,0.0,0.0,0.0,0.0
Net Income - Discontinued ops,0.0,0.0,0.0,0.0,0.0,0.0,0.0,0.0,0.0,0.0
Net Income,-4033000.0,-18831000.0,-3335000.0,-24947000.0,-14145000.0,-25948000.0,-22672532.0,0.0,-19922515.0,-18452844.0
Preferred Dividends,0.0,0.0,0.0,0.0,0.0,0.0,0.0,0.0,0.0,0.0
Net Income Com,-4033000.0,-18831000.0,-3335000.0,-24947000.0,-14145000.0,-25948000.0,-22672532.0,0.0,-19922515.0,-18452844.0
EPS,-0.15,-2.85,-0.31,-3.27,-3.03,-0.6,0.0,0.0,-41.5,-48.0
EPS Diluted,-0.15,-2.85,-0.75,-3.27,-3.03,-0.6,0.0,0.0,-41.5,-48.0
Weighted Average Shs Out,19589031.0,2713782.0,10595068.0,8536699.0,5295929.0,42894500.0,0.0,0.0,505063.0,444957.0
Weighted Average Shs Out (Dil),19589031.0,2713782.0,11578573.0,8536699.0,5295929.0,42894500.0,0.0,0.0,480863.0,385875.0
Dividend per Share,0.0,0.0,0.0,0.0,0.0,0.0,0.0,0.0,0.0,0.0
Gross Margin,0.573438285044,0.570797163662,0.60210347325,0.258231954582,-4.39344262295,-7.09888059701,0.0,0.0,0.0,0.0
EBITDA Margin,0.0736560040194,0.205857101975,0.171363793809,-0.192160043255,-13.8775956284,-40.0093283582,0.0,0.0,,
EBIT Margin,-0.112376486351,-0.076632007377,-0.11326636647,-0.890781292241,-18.1661202186,-45.026119403,0.0,0.0,0.0,0.0
Profit Margin,-0.135086250209,-0.598778975484,-0.105016216897,-1.34885104082,-15.4590163934,-48.4104477612,0.0,0.0,,
Free Cash Flow margin,0.0970021771898,0.131641705619,0.0101394968039,-0.35604217356,-19.3540983607,-45.8973880597,0.0,0.0,0.0,0.0
EBITDA,2199000.0,6474000.0,5442000.0,-3554000.0,-12698000.0,-21445000.0,0.0,0.0,-19369655.0,-18138492.0
EBIT,-3355000.0,-2410000.0,-3597000.0,-16475000.0,-16622000.0,-24134000.0,0.0,0.0,-19922515.0,-18452844.0
Consolidated Income,-4033000.0,-18831000.0,-3335000.0,-24947000.0,-14145000.0,-25948000.0,-22672532.0,0.0,-19922515.0,-18452844.0
Earnings Before Tax Margin,-0.143928990119,-0.594677096251,-0.0969864911673,-1.34241686942,0.0,0.0,0.0,0.0,0.0,0.0
Net Profit Margin,-0.135086250209,-0.598778975484,-0.105016216897,-1.34885104082,-15.4590163934,-48.4104477612,0.0,0.0,0.0,0.0
