Date,2018-12-31,2017-12-31,2016-12-31,2015-12-31,2014-12-31,2013-12-31,2012-12-31,2011-12-31,2010-12-31,2009-12-31
Revenue,1275800000.0,1421300000.0,1405400000.0,1368600000.0,1172700000.0,1153000000.0,1150100000.0,1553700000.0,1355100000.0,1256900000.0
Revenue Growth,-0.102371068739886,0.0113135050519425,0.0268887914657314,0.167050396520849,0.0170858629661752,0.00252151986783758,-0.259767007787861,0.146557449634713,0.0781287294136367,0.0635
Cost of Revenue,180500000.0,379600000.0,383800000.0,293300000.0,250800000.0,557200000.0,0.0,0.0,889600000.0,843300000.0
Gross Profit,1095300000.0,1041700000.0,1021600000.0,1075300000.0,921900000.0,595800000.0,0.0,0.0,465500000.0,413600000.0
R&D Expenses,0.0,0.0,0.0,0.0,0.0,0.0,0.0,0.0,0.0,0.0
SG&A Expense,0.0,0.0,0.0,0.0,0.0,0.0,0.0,0.0,424500000.0,400900000.0
Operating Expenses,1262900000.0,1387900000.0,1386200000.0,1301300000.0,1145900000.0,1091700000.0,1139500000.0,1663000000.0,434000000.0,418800000.0
Operating Income,12900000.0,33400000.0,19200000.0,67300000.0,26800000.0,61300000.0,10600000.0,-109300000.0,31500000.0,-5200000.0
Interest Expense,0.0,0.0,0.0,0.0,0.0,0.0,0.0,0.0,7100000.0,7600000.0
Earnings before Tax,12900000.0,33400000.0,19200000.0,67300000.0,26800000.0,61300000.0,10600000.0,-109300000.0,24400000.0,-12800000.0
Income Tax Expense,100000.0,44100000.0,-1800000.0,16100000.0,-80600000.0,500000.0,-100000.0,37500000.0,0.0,-23000000.0
Net Income - Non-Controlling int,0.0,0.0,0.0,0.0,0.0,0.0,0.0,0.0,0.0,0.0
Net Income - Discontinued ops,0.0,0.0,0.0,0.0,0.0,0.0,0.0,0.0,0.0,0.0
Net Income,12800000.0,-10700000.0,21000000.0,51200000.0,107400000.0,60800000.0,10700000.0,-146800000.0,24400000.0,10200000.0
Preferred Dividends,0.0,0.0,0.0,0.0,0.0,0.0,0.0,0.0,0.0,0.0
Net Income Com,12800000.0,-10700000.0,21000000.0,51200000.0,107400000.0,60800000.0,10700000.0,-146800000.0,24400000.0,10200000.0
EPS,0.3,-0.25,0.5,1.25,2.63,1.5,0.26,-3.65,0.61,0.26
EPS Diluted,0.29,-0.25,0.5,1.23,2.6,1.49,0.27,-3.65,0.62,0.25
Weighted Average Shs Out,42800000.0,42100000.0,41600000.0,41100000.0,40800000.0,40600000.0,40400000.0,0.0,40067233.0,39771541.0
Weighted Average Shs Out (Dil),43400000.0,42100000.0,42000000.0,41600000.0,41200000.0,40700000.0,40500000.0,0.0,40067233.0,39771541.0
Dividend per Share,0.39400921659,0.401425178147,0.395238095238,0.396634615385,0.400485436893,0.395577395577,0.550617283951,0.0,0.6,0.6
Gross Margin,0.858520144223,0.732920565679,0.726910488117,0.785693409323,0.786134561269,0.516738941891,0.0,0.0,0.3435,0.3291
EBITDA Margin,0.0170873177614,0.032294378386,0.0240500925004,0.0606459155341,0.0328302208578,0.0648742411101,0.0153899660899,-0.0669369891227,0.03,0.005
EBIT Margin,0.010111302712,0.0234996130303,0.0136615910061,0.0491743387403,0.0228532446491,0.0531656548135,0.00921658986175,-0.0703482010684,0.0232,-0.0041
Profit Margin,0.0100329205205,-0.00752831914445,0.0149423651629,0.0374104924741,0.0915835251983,0.0527320034692,0.00930353882271,-0.0944841346463,0.018,0.008
Free Cash Flow margin,-0.0105032136699,0.0477731654119,0.0807599259997,0.109381850066,0.0644666155027,0.0627059843886,-0.247021998087,0.0276758705027,0.0969,0.0878
EBITDA,21800000.0,45900000.0,33800000.0,83000000.0,38500000.0,74800000.0,17700000.0,-104000000.0,40300000.0,6600000.0
EBIT,12900000.0,33400000.0,19200000.0,67300000.0,26800000.0,61300000.0,10600000.0,-109300000.0,31500000.0,-5200000.0
Consolidated Income,12800000.0,-10700000.0,21000000.0,51200000.0,107400000.0,60800000.0,10700000.0,-146800000.0,24400000.0,10200000.0
Earnings Before Tax Margin,0.010111302712,0.0234996130303,0.0136615910061,0.0491743387403,0.0228532446491,0.0531656548135,0.00921658986175,-0.0703482010684,0.018,-0.0102
Net Profit Margin,0.0100329205205,-0.00752831914445,0.0149423651629,0.0374104924741,0.0915835251983,0.0527320034692,0.00930353882271,-0.0944841346463,0.018,0.0081
