Date,2018-12-31,2017-12-31,2016-12-31,2015-12-31,2014-12-31,2013-12-31,2012-12-31,2011-12-31,2010-12-31,2009-12-31
Revenue,634185000.0,454851000.0,441088000.0,446041000.0,503600000.0,561979000.0,627434000.0,627434000.0,0.0,511961000.0
Revenue Growth,0.394269771859356,0.0312023904526988,-0.0111043603614914,-0.114295075456712,-0.103881105877622,-0.104321729456803,0,0.0,-1,0.2919
Cost of Revenue,462890000.0,264671000.0,258858000.0,252964000.0,330836000.0,326472000.0,292003000.0,292003000.0,0.0,218551000.0
Gross Profit,171295000.0,190180000.0,182230000.0,193077000.0,172764000.0,235507000.0,335431000.0,335431000.0,0.0,293410000.0
R&D Expenses,0.0,0.0,0.0,0.0,0.0,0.0,0.0,0.0,0.0,0.0
SG&A Expense,194035000.0,137971000.0,124758000.0,111330000.0,140063000.0,121920000.0,129757000.0,129757000.0,0.0,121056000.0
Operating Expenses,194035000.0,137971000.0,124758000.0,111330000.0,140063000.0,121920000.0,129757000.0,129757000.0,0.0,121056000.0
Operating Income,-22740000.0,52209000.0,57472000.0,81747000.0,32701000.0,113587000.0,179143000.0,179143000.0,0.0,172354000.0
Interest Expense,0.0,642000.0,642000.0,5248000.0,5419000.0,4616000.0,3773000.0,3773000.0,0.0,0.0
Earnings before Tax,-19139000.0,52646000.0,57292000.0,76616000.0,27284000.0,108975000.0,175522000.0,175522000.0,0.0,173762000.0
Income Tax Expense,-3468000.0,32034000.0,22490000.0,30260000.0,10859000.0,43045000.0,69478000.0,69478000.0,0.0,68684000.0
Net Income - Non-Controlling int,0.0,0.0,0.0,0.0,0.0,0.0,0.0,0.0,0.0,0.0
Net Income - Discontinued ops,0.0,0.0,0.0,0.0,0.0,0.0,0.0,0.0,0.0,0.0
Net Income,-15671000.0,20612000.0,34802000.0,46356000.0,16425000.0,65930000.0,106044000.0,106044000.0,0.0,105078000.0
Preferred Dividends,0.0,0.0,0.0,0.0,0.0,0.0,0.0,0.0,0.0,0.0
Net Income Com,-15671000.0,20612000.0,34802000.0,46356000.0,16425000.0,65930000.0,106044000.0,106044000.0,0.0,105078000.0
EPS,-1.03,1.93,3.28,4.39,1.55,5.79,8.91,8.91,0.0,7.67
EPS Diluted,-1.03,1.84,3.21,4.35,1.55,5.76,8.88,8.88,0.0,7.6
Weighted Average Shs Out,15190000.0,10678000.0,10610000.0,10561000.0,10584000.0,11390000.0,11906000.0,11906000.0,0.0,14008796.0
Weighted Average Shs Out (Dil),15190000.0,11199000.0,10845000.0,10650000.0,10624000.0,11440000.0,11943000.0,11943000.0,0.0,13703000.0
Dividend per Share,1.83291639236,1.01937673007,0.0,0.0,0.0,4.13706293706,4.11161349745,4.11161349745,0.0,2.25
Gross Margin,0.270102572593,0.418114943135,0.41313751451,0.432868278925,0.343057982526,0.41906726052,0.534607624069,0.534607624069,0.0,0.5731
EBITDA Margin,0.0474325315168,0.152922605425,0.168653420633,0.229452001049,0.136741461477,0.247267246641,0.32275585958,0.32275585958,0.0,0.367
EBIT Margin,-0.0358570448686,0.114782643107,0.130295995357,0.183272389758,0.064934471803,0.202119652158,0.285516883051,0.285516883051,0.0,0.3394
Profit Margin,-0.0247104551511,0.0453159386261,0.0789003554846,0.103927665842,0.0326151707705,0.117317551012,0.169012198893,0.169012198893,0.0,0.205
Free Cash Flow margin,0.0304642966958,0.0837724881335,0.0710719856355,0.158389027018,0.149656473392,0.10201270866,0.198223239416,0.198223239416,0.0,0.2175
EBITDA,30081000.0,69557000.0,74391000.0,102345000.0,68863000.0,138959000.0,202508000.0,202508000.0,0.0,187699000.0
EBIT,-22740000.0,52209000.0,57472000.0,81747000.0,32701000.0,113587000.0,179143000.0,179143000.0,0.0,173762000.0
Consolidated Income,-15671000.0,20612000.0,34802000.0,46356000.0,16425000.0,65930000.0,106044000.0,106044000.0,0.0,105078000.0
Earnings Before Tax Margin,-0.0301788910176,0.115743397288,0.129887913523,0.171768962943,0.0541779189833,0.193912939807,0.27974575812,0.27974575812,0.0,0.3394
Net Profit Margin,-0.0247104551511,0.0453159386261,0.0789003554846,0.103927665842,0.0326151707705,0.117317551012,0.169012198893,0.169012198893,0.0,0.2052
