Date,2018-12-31,2017-12-31,2016-12-31,2015-12-31,2014-12-31,2013-12-31,2012-12-31,2011-12-31,2010-12-31,2009-12-31
Revenue,87600000.0,80340000.0,80341000.0,80871000.0,94111000.0,127710000.0,115737000.0,137036000.0,5656000.0,10785000.0
Revenue Growth,0.0903659447348768,-0.0000124469448973749,-0.006553647166475,-0.140684935873596,-0.263088246809177,0.103450063506053,-0.155426311334248,23.2284299858557,-0.475567918405192,-0.4258
Cost of Revenue,82009000.0,49944000.0,67000000.0,47082000.0,75860000.0,106472000.0,106424000.0,128702000.0,9532000.0,12989000.0
Gross Profit,5591000.0,30396000.0,13341000.0,33789000.0,18251000.0,21238000.0,9313000.0,8334000.0,-3876000.0,-2204000.0
R&D Expenses,0.0,0.0,0.0,0.0,0.0,0.0,0.0,0.0,0.0,0.0
SG&A Expense,11274000.0,11401000.0,12164000.0,8057000.0,7887000.0,7087000.0,6532000.0,6653000.0,6526000.0,7674000.0
Operating Expenses,3418000.0,7159000.0,12164000.0,8057000.0,7887000.0,7087000.0,6532000.0,6653000.0,6526000.0,7674000.0
Operating Income,2173000.0,23237000.0,1177000.0,25732000.0,10364000.0,14151000.0,2781000.0,1681000.0,-10402000.0,-9878000.0
Interest Expense,0.0,0.0,9408000.0,4065000.0,3751000.0,7093000.0,11839000.0,6667000.0,0.0,0.0
Earnings before Tax,-5441000.0,17837000.0,-8829000.0,21252000.0,6351000.0,6899000.0,-8453000.0,-4436000.0,-7330000.0,-8942000.0
Income Tax Expense,-305000.0,13904000.0,-2779000.0,5576000.0,-10694000.0,929000.0,636000.0,651000.0,8006000.0,-3038000.0
Net Income - Non-Controlling int,0.0,0.0,0.0,0.0,0.0,0.0,0.0,0.0,-2377000.0,-327000.0
Net Income - Discontinued ops,0.0,0.0,0.0,0.0,0.0,0.0,0.0,0.0,-660000.0,0.0
Net Income,-3982000.0,3879000.0,-5999000.0,12177000.0,13403000.0,2585000.0,-1586000.0,-10388000.0,-15336000.0,-5904000.0
Preferred Dividends,0.0,0.0,0.0,0.0,0.0,0.0,0.0,0.0,0.0,0.0
Net Income Com,-3982000.0,3879000.0,-5999000.0,12177000.0,13403000.0,2585000.0,-1586000.0,-10388000.0,-15336000.0,-5904000.0
EPS,-0.49,0.48,-0.74,1.51,1.67,0.32,-0.2,-1.39,-2.05,-0.79
EPS Diluted,-0.49,0.47,-0.74,1.51,1.66,0.32,-0.2,-1.39,-2.05,-0.79
Weighted Average Shs Out,8153000.0,8122000.0,8089000.0,8058000.0,8037000.0,8077000.0,0.0,0.0,7470117.0,7435133.0
Weighted Average Shs Out (Dil),8153000.0,8171000.0,8089000.0,8091000.0,8078000.0,8111000.0,0.0,0.0,7466000.0,7438000.0
Dividend per Share,0.00392493560653,0.995349406437,0.0,0.0,0.0,0.0,0.0,0.0,0.0,0.0
Gross Margin,0.0638242009132,0.378342046303,0.166054691876,0.417813554921,0.193930571347,0.166298645368,0.0804669206909,0.0608161359059,-0.6853,-0.2044
EBITDA Margin,0.143869863014,0.406559621608,0.136169577177,0.426296200121,0.20551263933,0.181692897972,0.103216775966,0.0737543419247,-0.963,-0.678
EBIT Margin,0.0248059360731,0.289233258651,0.0146500541442,0.318185752618,0.110125277598,0.110805731736,0.0240286166049,0.012266849587,-1.296,-0.8291
Profit Margin,-0.0454566210046,0.048282300224,-0.0746692224394,0.150573134993,0.142416933196,0.020241171404,-0.0137034828966,-0.075804897983,-2.711,-0.547
Free Cash Flow margin,-0.364029680365,0.127620114513,-0.0463026350182,-0.0221340159019,-0.229112431065,0.438031477566,0.183968825872,0.261989550191,-23.6897,-7.4996
EBITDA,12603000.0,32663000.0,10940000.0,34475000.0,19341000.0,23204000.0,11946000.0,10107000.0,-5444000.0,-7308000.0
EBIT,2173000.0,23237000.0,1177000.0,25732000.0,10364000.0,14151000.0,2781000.0,1681000.0,-7330000.0,-8942000.0
Consolidated Income,-3982000.0,3879000.0,-5999000.0,12177000.0,13403000.0,2585000.0,-1586000.0,-10388000.0,-17713000.0,-6231000.0
Earnings Before Tax Margin,-0.0621118721461,0.222018919592,-0.109894076499,0.262788886004,0.0674841410675,0.0540208284394,-0.0730362805326,-0.032371055781,-1.296,-0.8291
Net Profit Margin,-0.0454566210046,0.048282300224,-0.0746692224394,0.150573134993,0.142416933196,0.020241171404,-0.0137034828966,-0.075804897983,-2.7115,-0.5474
