Date,2018-12-31,2017-12-31,2016-12-31,2015-12-31,2014-12-31,2013-12-31,2012-12-31,2011-12-31,2010-12-31,2009-12-31
Revenue,1041300000.0,982100000.0,839900000.0,764100000.0,794300000.0,772800000.0,788100000.0,816200000.0,727300000.0,719600000.0
Revenue Growth,0.0602789939924651,0.169305869746398,0.0992016751734066,-0.038020898904696,0.0278209109730849,-0.0194137799771603,-0.0344278363146288,0.12223291626564,0.0107003891050584,-0.0068
Cost of Revenue,762800000.0,699800000.0,583200000.0,539700000.0,575500000.0,520100000.0,537200000.0,575700000.0,532100000.0,531800000.0
Gross Profit,278500000.0,282300000.0,256700000.0,224400000.0,218800000.0,252700000.0,250900000.0,240500000.0,195200000.0,187800000.0
R&D Expenses,15200000.0,17800000.0,17500000.0,14000000.0,15700000.0,15300000.0,10000000.0,9300000.0,8500000.0,8000000.0
SG&A Expense,90900000.0,98400000.0,82200000.0,70600000.0,61900000.0,50300000.0,55000000.0,60100000.0,64300000.0,66700000.0
Operating Expenses,141800000.0,149500000.0,125000000.0,106800000.0,99600000.0,86500000.0,87400000.0,91400000.0,84400000.0,98600000.0
Operating Income,135000000.0,124700000.0,106100000.0,103000000.0,106100000.0,124900000.0,133400000.0,119200000.0,110800000.0,89200000.0
Interest Expense,28200000.0,26900000.0,16600000.0,9700000.0,7200000.0,2900000.0,3400000.0,2600000.0,1700000.0,4300000.0
Earnings before Tax,116800000.0,101500000.0,93400000.0,105500000.0,108200000.0,127700000.0,131600000.0,114000000.0,105000000.0,60900000.0
Income Tax Expense,10700000.0,69600000.0,15400000.0,21600000.0,20500000.0,53000000.0,51900000.0,31100000.0,39700000.0,25300000.0
Net Income - Non-Controlling int,0.0,0.0,0.0,0.0,0.0,0.0,0.0,0.0,0.0,0.0
Net Income - Discontinued ops,0.0,0.0,0.0,0.0,0.0,0.0,0.0,0.0,7600000.0,24000000.0
Net Income,94500000.0,34500000.0,82800000.0,89700000.0,89700000.0,76100000.0,79800000.0,92600000.0,65300000.0,35600000.0
Preferred Dividends,0.0,0.0,0.0,0.0,0.0,0.0,0.0,0.0,0.0,0.0
Net Income Com,94500000.0,34500000.0,82800000.0,89700000.0,89700000.0,76100000.0,79800000.0,92600000.0,65300000.0,35600000.0
EPS,3.07,1.12,2.71,2.95,2.94,2.43,2.54,5.5,1.8,1.135
EPS Diluted,3.06,1.12,2.7,2.94,2.93,2.42,2.51,5.46,1.76,1.1
Weighted Average Shs Out,30551300.0,30407100.0,30310900.0,30251400.0,30238000.0,31056700.0,30986200.0,16615100.0,36038098.0,31332414.0
Weighted Average Shs Out (Dil),30692900.0,30549300.0,30463400.0,30374300.0,30356500.0,31238300.0,31341900.0,16743400.0,35373400.0,31100200.0
Dividend per Share,1.73329988369,1.69889326433,1.62161807283,1.54406850528,1.46591339581,1.26447341885,0.449877001713,0.603222762402,0.3,0.3
Gross Margin,0.267454143859,0.287445270339,0.305631622812,0.293678837848,0.275462671535,0.326992753623,0.318360614135,0.294658172017,0.2684,0.261
EBITDA Margin,0.188802458465,0.187557275227,0.179307060364,0.188457008245,0.190356288556,0.209886128364,0.219261515036,0.199460916442,0.201,0.152
EBIT Margin,0.129645635264,0.126972813359,0.126324562448,0.134799110064,0.133576734231,0.161620082816,0.169267859409,0.146042636609,0.1467,0.0906
Profit Margin,0.0907519446845,0.0351288056206,0.0985831646625,0.117393011386,0.112929623568,0.0984730848861,0.101256185763,0.113452585151,0.09,0.049
Free Cash Flow margin,0.107653894171,0.0955096222381,0.121323967139,0.157701871483,0.164673297243,0.192805383023,0.187032102525,0.0252389120314,0.0799,0.0592
EBITDA,196600000.0,184200000.0,150600000.0,144000000.0,151200000.0,162200000.0,172800000.0,162800000.0,146300000.0,109100000.0
EBIT,135000000.0,124700000.0,106100000.0,103000000.0,106100000.0,124900000.0,133400000.0,119200000.0,106700000.0,65200000.0
Consolidated Income,94500000.0,34500000.0,82800000.0,89700000.0,89700000.0,76100000.0,79800000.0,92600000.0,65300000.0,35600000.0
Earnings Before Tax Margin,0.112167482954,0.103349964362,0.111203714728,0.138070933124,0.136220571572,0.165243271222,0.166983885294,0.139671649106,0.1444,0.0846
Net Profit Margin,0.0907519446845,0.0351288056206,0.0985831646625,0.117393011386,0.112929623568,0.0984730848861,0.101256185763,0.113452585151,0.0898,0.0495
