Date,2018-12-31,2017-12-31,2016-12-31,2015-12-31,2014-12-31,2013-12-31,2012-12-31,2011-12-31,2010-12-31,2009-12-31
Revenue,1450900000.0,1331500000.0,1223300000.0,1362700000.0,1472700000.0,1647700000.0,1914100000.0,1538900000.0,1326500000.0,1145000000.0
Revenue Growth,0.0896733007885843,0.0884492765470449,-0.102296910545241,-0.0746927412236029,-0.106208654488074,-0.139177681416854,0.243810514003509,0.160120618168112,0.158515283842795,
Cost of Revenue,203000000.0,128200000.0,127800000.0,97700000.0,101700000.0,81800000.0,68700000.0,65600000.0,1036900000.0,860900000.0
Gross Profit,1247900000.0,1203300000.0,1095500000.0,1265000000.0,1371000000.0,1565900000.0,1845400000.0,1473300000.0,289600000.0,284100000.0
R&D Expenses,0.0,0.0,0.0,0.0,0.0,0.0,0.0,0.0,0.0,0.0
SG&A Expense,66100000.0,79600000.0,91300000.0,75400000.0,75900000.0,92400000.0,82000000.0,88700000.0,67200000.0,40200000.0
Operating Expenses,1129200000.0,1100400000.0,998900000.0,1185200000.0,1261200000.0,1454600000.0,1671700000.0,1405800000.0,115400000.0,72500000.0
Operating Income,118700000.0,102900000.0,96600000.0,79800000.0,109800000.0,111300000.0,173700000.0,67500000.0,174200000.0,211600000.0
Interest Expense,61400000.0,60600000.0,53500000.0,56700000.0,63200000.0,0.0,48200000.0,20600000.0,5400000.0,5700000.0
Earnings before Tax,57000000.0,21900000.0,68100000.0,23100000.0,46600000.0,59000000.0,125900000.0,66100000.0,186100000.0,210300000.0
Income Tax Expense,4600000.0,-81600000.0,8600000.0,-8800000.0,7400000.0,6700000.0,23400000.0,7200000.0,46900000.0,20700000.0
Net Income - Non-Controlling int,0.0,0.0,0.0,0.0,0.0,0.0,0.0,0.0,7100000.0,21600000.0
Net Income - Discontinued ops,0.0,0.0,0.0,0.0,0.0,0.0,0.0,0.0,0.0,0.0
Net Income,26200000.0,122400000.0,14400000.0,-22000000.0,-126100000.0,25000000.0,98800000.0,60600000.0,139200000.0,189600000.0
Preferred Dividends,0.0,9500000.0,9500000.0,9500000.0,9500000.0,9500000.0,9400000.0,0.0,0.0,0.0
Net Income Com,26200000.0,122400000.0,14400000.0,-22000000.0,-126100000.0,25000000.0,98800000.0,60600000.0,139200000.0,189600000.0
EPS,0.4,1.9,0.22,-0.34,-0.29,0.36,1.41,0.87,1.99,2.71
EPS Diluted,0.4,1.88,0.22,-0.34,-0.29,0.36,1.4,0.87,1.99,2.71
Weighted Average Shs Out,64700000.0,64300000.0,64200000.0,65000000.0,68800000.0,69900000.0,70000000.0,70000000.0,,
Weighted Average Shs Out (Dil),65500000.0,65200000.0,64400000.0,65000000.0,68800000.0,70200000.0,70300000.0,70000000.0,70000000.0,70000000.0
Dividend per Share,0.487022900763,0.0,0.0,0.430769230769,0.0552325581395,0.253561253561,0.0327169274538,0.0228571428571,0.0,0.0
Gross Margin,0.860086842649,0.903717611716,0.895528488515,0.92830410215,0.930943165614,0.950355040359,0.964108458283,0.957372148938,0.2183,0.2481
EBITDA Margin,0.179405886002,0.173563650019,0.172320771683,0.138621853673,0.139811231072,0.125811737574,0.132960660363,0.0818116836702,0.181,0.217
EBIT Margin,0.0818112895444,0.0772812617349,0.0789667293387,0.0585602113451,0.0745569362396,0.0675487042544,0.0907476098427,0.0438624991877,0.1444,0.1886
Profit Margin,0.0180577572541,0.0919263987983,0.0117714379138,-0.0161444191678,-0.0856250424391,0.0151726649269,0.0516169479129,0.0393787770485,0.105,0.166
Free Cash Flow margin,0.0589289406575,0.0547502816373,0.127033434154,0.0479195714391,0.00794459156651,0.00345936760333,0.0655660623792,-0.0888946650205,0.0611,-0.0245
EBITDA,260300000.0,231100000.0,210800000.0,188900000.0,205900000.0,207300000.0,254500000.0,125900000.0,239700000.0,248300000.0
EBIT,118700000.0,102900000.0,96600000.0,79800000.0,109800000.0,111300000.0,173700000.0,67500000.0,191500000.0,216000000.0
Consolidated Income,26200000.0,122400000.0,14400000.0,-22000000.0,-126100000.0,25000000.0,98800000.0,60600000.0,146300000.0,211200000.0
Earnings Before Tax Margin,0.0392859604383,0.0164476154713,0.0556690918009,0.0169516401262,0.031642561282,0.0358074892274,0.0657750378768,0.0429527584638,0.1403,0.1837
Net Profit Margin,0.0180577572541,0.0919263987983,0.0117714379138,-0.0161444191678,-0.0856250424391,0.0151726649269,0.0516169479129,0.0393787770485,0.1049,0.1656
