Date,2018-12-31,2017-12-31,2016-12-31,2015-12-31,2014-12-31,2013-12-31,2012-12-31,2011-12-31,2010-12-31,2009-12-31
Revenue,70789000.0,56639000.0,68595000.0,85064000.0,140728000.0,130827000.0,143908000.0,126338000.0,70854000.0,27748000.0
Revenue Growth,0.249827857130246,-0.174298418252059,-0.193607166368852,-0.395543175487465,0.0756800966161419,-0.090898351724713,0.139071379949026,0.78307505574844,1.55348133198789,248.982
Cost of Revenue,29493000.0,29742000.0,45811000.0,52662000.0,68765000.0,57171000.0,54423000.0,66731000.0,34284000.0,14448000.0
Gross Profit,41296000.0,26897000.0,22784000.0,32402000.0,71963000.0,73656000.0,89485000.0,59607000.0,36570000.0,13300000.0
R&D Expenses,489000.0,4723000.0,104000.0,370000.0,4285000.0,0.0,0.0,0.0,29574000.0,29392000.0
SG&A Expense,14719000.0,12817000.0,16320000.0,24138000.0,31625000.0,29020000.0,33947000.0,35388000.0,26049000.0,15227000.0
Operating Expenses,15783000.0,18664000.0,22760000.0,46420000.0,56187000.0,70870000.0,78980000.0,105249000.0,56093000.0,44783000.0
Operating Income,25513000.0,8233000.0,24000.0,-14018000.0,15776000.0,2786000.0,10505000.0,-45642000.0,-19523000.0,-31483000.0
Interest Expense,10048000.0,8838000.0,11841000.0,13077000.0,6213000.0,3929000.0,8340000.0,13464000.0,7055000.0,2303000.0
Earnings before Tax,4458000.0,-18446000.0,-16399000.0,-4436000.0,42143000.0,-12164000.0,118000.0,-78325000.0,-69277000.0,-61066000.0
Income Tax Expense,2820000.0,2073000.0,6071000.0,3587000.0,1784000.0,128000.0,4674000.0,2386000.0,469000.0,1080000.0
Net Income - Non-Controlling int,0.0,0.0,0.0,0.0,0.0,0.0,0.0,0.0,0.0,129000.0
Net Income - Discontinued ops,0.0,0.0,0.0,0.0,0.0,0.0,0.0,0.0,40201000.0,21956000.0
Net Income,-5216000.0,-23875000.0,-6243000.0,-107538000.0,29076000.0,-13713000.0,16246000.0,-115843000.0,-69746000.0,-62146000.0
Preferred Dividends,0.0,0.0,0.0,0.0,0.0,0.0,0.0,0.0,0.0,0.0
Net Income Com,-5216000.0,-23875000.0,-6243000.0,-107538000.0,29076000.0,-13713000.0,16246000.0,-115843000.0,-69746000.0,-62146000.0
EPS,-0.1,-0.5,-0.51,-0.65,0.77,-0.36,-0.02,-0.21,-2.2,-2.9
EPS Diluted,-0.1,-0.5,-0.51,-0.65,0.77,-0.36,-0.02,-0.21,-2.2,-2.9
Weighted Average Shs Out,50505000.0,48196000.0,43885000.0,40841000.0,37829000.0,37069000.0,367415000.0,0.0,33634298.0,25363667.0
Weighted Average Shs Out (Dil),50505000.0,48196000.0,43885000.0,40841000.0,38031000.0,37069000.0,367415000.0,0.0,31248800.0,21232000.0
Dividend per Share,0.0,0.0,0.0,0.0,0.0,0.0,0.0,0.0,0.0,0.0
Gross Margin,0.583367472347,0.474884796695,0.332152489248,0.380913194771,0.511362344381,0.563003049829,0.621820885566,0.471805790815,0.5161,0.4793
EBITDA Margin,0.559606718558,0.445629336676,0.440994241563,0.298199003104,0.467057017793,0.341045808587,0.2828960169,-0.00304738083554,-0.681,-1.96
EBIT Margin,0.360409103109,0.145359204788,0.000349879728843,-0.164793567196,0.112102779831,0.0212952983711,0.0729980265169,-0.361268976872,-0.8782,-2.1177
Profit Margin,-0.0736837644267,-0.421529334911,-0.0910124644653,-1.26420107213,0.206611335342,-0.104817812837,0.112891569614,-0.916929189951,-0.984,-2.24
Free Cash Flow margin,0.405359589767,0.315683539611,0.314498141264,0.846727170131,0.554630208629,0.514801990415,0.182067709926,0.3204894806,-1.5181,-3.068
EBITDA,39614000.0,25240000.0,30250000.0,25366000.0,65728000.0,44618000.0,40711000.0,-385000.0,-48224000.0,-54392000.0
EBIT,25513000.0,8233000.0,24000.0,-14018000.0,15776000.0,2786000.0,10505000.0,-45642000.0,-62222000.0,-58763000.0
Consolidated Income,-5216000.0,-23875000.0,-6243000.0,-107538000.0,29076000.0,-13713000.0,16246000.0,-115843000.0,-69746000.0,-62017000.0
Earnings Before Tax Margin,0.062975886084,-0.325676653896,-0.239069903054,-0.0521489701872,0.299464214655,-0.0929777492414,0.000819968313089,-0.619963906346,-0.9777,-2.2007
Net Profit Margin,-0.0736837644267,-0.421529334911,-0.0910124644653,-1.26420107213,0.206611335342,-0.104817812837,0.112891569614,-0.916929189951,-0.9844,-2.2397
