Date,2018-12-31,2017-12-31,2016-12-31,2015-12-31,2014-12-31,2013-12-31,2012-12-31,2011-12-31,2010-12-31,2009-12-31
Revenue,18854000000.0,22385000000.0,21903000000.0,19652000000.0,20272000000.0,20314000000.0,20317000000.0,18312000000.0,16121000000.0,13899000000.0
Revenue Growth,-0.157739557739558,0.022006117883395,0.114543049053531,-0.0305840568271507,-0.00206753962784287,-0.000147659595412709,0.109491044124072,0.135909683022145,0.159867616375279,0.2539
Cost of Revenue,10558000000.0,11560000000.0,10250000000.0,8296000000.0,9216000000.0,9607000000.0,9665000000.0,8797000000.0,7056000000.0,6532000000.0
Gross Profit,8296000000.0,10825000000.0,11653000000.0,11356000000.0,11056000000.0,10707000000.0,10652000000.0,9515000000.0,9065000000.0,7367000000.0
R&D Expenses,1213000000.0,1848000000.0,2077000000.0,1525000000.0,1488000000.0,1427000000.0,1356000000.0,1095000000.0,951000000.0,825000000.0
SG&A Expense,4214000000.0,4986000000.0,4973000000.0,4838000000.0,5078000000.0,5319000000.0,5117000000.0,4410000000.0,3833000000.0,3499000000.0
Operating Expenses,5427000000.0,6834000000.0,10268000000.0,8170000000.0,7105000000.0,9058000000.0,8447000000.0,6406000000.0,5194000000.0,4962000000.0
Operating Income,-1637000000.0,-17484000000.0,1385000000.0,3186000000.0,3951000000.0,1649000000.0,2205000000.0,3109000000.0,3871000000.0,2405000000.0
Interest Expense,920000000.0,875000000.0,1330000000.0,1000000000.0,313000000.0,399000000.0,386000000.0,153000000.0,225000000.0,202000000.0
Earnings before Tax,-3057000000.0,1451000000.0,850000000.0,2222000000.0,3646000000.0,1226000000.0,1826000000.0,2886000000.0,3614000000.0,2166000000.0
Income Tax Expense,-195000000.0,-1933000000.0,521000000.0,634000000.0,591000000.0,-43000000.0,-137000000.0,127000000.0,283000000.0,166000000.0
Net Income - Non-Controlling int,0.0,0.0,-18000000.0,9000000.0,-13000000.0,-16000000.0,-53000000.0,9000000.0,8000000.0,4000000.0
Net Income - Discontinued ops,0.0,0.0,0.0,0.0,0.0,0.0,0.0,0.0,0.0,0.0
Net Income,-2150000000.0,-16265000000.0,329000000.0,1588000000.0,3055000000.0,1269000000.0,1963000000.0,2759000000.0,3331000000.0,2000000000.0
Preferred Dividends,249000000.0,260000000.0,261000000.0,15000000.0,0.0,0.0,0.0,0.0,0.0,0.0
Net Income Com,-2150000000.0,-16265000000.0,68000000.0,1573000000.0,3055000000.0,1269000000.0,1963000000.0,2759000000.0,3331000000.0,2000000000.0
EPS,-2.35,-16.26,0.07,1.84,3.58,1.49,2.25,3.1,3.72,2.29
EPS Diluted,-2.35,-16.26,0.07,1.82,3.56,1.49,2.25,3.09,3.67,2.23
Weighted Average Shs Out,1021.0,1016000000.0,907663041.0,851871888.0,946868125.0,943619967.0,941985166.0,937499245.0,923400051.0,888723469.0
Weighted Average Shs Out (Dil),1021.0,1016000000.0,955000000.0,855000000.0,853000000.0,849000000.0,872000000.0,890000000.0,896000000.0,872000000.0
Dividend per Share,11753.1831538,0.886811023622,1.36,1.258,1.163,1.09,0.81,0.79,0.67,0.48
Gross Margin,0.440012729394,0.48358275631,0.532,0.5779,0.5454,0.5271,0.5243,0.5196,0.5623,0.53
EBITDA Margin,0.0108730242919,-0.686709850346,0.169,0.231,0.27,0.161,0.193,0.224,0.299,0.236
EBIT Margin,-0.0868250769068,-0.781058744695,0.0995,0.164,0.1953,0.08,0.1089,0.166,0.2381,0.1704
Profit Margin,-0.114034157208,-0.726602635694,0.003,0.08,0.151,0.062,0.097,0.151,0.207,0.144
Free Cash Flow margin,0.095205261483,0.117623408532,0.1365,0.2427,0.2071,0.1086,0.1707,0.1683,0.2125,0.1909
EBITDA,205000000.0,-15372000000.0,3704000000.0,4530000000.0,5467000000.0,3267000000.0,3920000000.0,4108000000.0,4816000000.0,3276000000.0
EBIT,-1637000000.0,-17484000000.0,2180000000.0,3222000000.0,3959000000.0,1625000000.0,2212000000.0,3039000000.0,3839000000.0,2368000000.0
Consolidated Income,-2150000000.0,-16265000000.0,311000000.0,1597000000.0,3042000000.0,1253000000.0,1910000000.0,2768000000.0,3339000000.0,2004000000.0
Earnings Before Tax Margin,-0.162140659807,0.0648201920929,0.0388,0.1131,0.1799,0.0604,0.0899,0.1576,0.2242,0.1558
Net Profit Margin,-0.114034157208,-0.726602635694,0.015,0.0808,0.1507,0.0625,0.0966,0.1507,0.2066,0.1439
