Date,2018-12-31,2017-12-31,2016-12-31,2015-12-31,2014-12-31,2013-12-31,2012-12-31,2011-12-31,2010-12-31,2009-12-31
Revenue,5125000000.0,4363400000.0,4443100000.0,6543100000.0,7308900000.0,7084000000.0,7348400000.0,6504600000.0,4418200000.0,3858400000.0
Revenue Growth,0.174542787734336,-0.0179379262226824,-0.320948785743761,-0.104776368536989,0.0317476002258611,-0.0359806216319199,0.129723580235526,0.472228509347698,0.145086046029442,-0.5152
Cost of Revenue,4158200000.0,3547400000.0,3730700000.0,5234600000.0,5855400000.0,5644500000.0,5902800000.0,5544300000.0,3815300000.0,3561400000.0
Gross Profit,966800000.0,816000000.0,712400000.0,1308500000.0,1453500000.0,1439500000.0,1445600000.0,960300000.0,602900000.0,297000000.0
R&D Expenses,92700000.0,81000000.0,86200000.0,119100000.0,86900000.0,85300000.0,75600000.0,73700000.0,0.0,0.0
SG&A Expense,673500000.0,642400000.0,684200000.0,918600000.0,1030400000.0,1020400000.0,1047000000.0,879100000.0,676700000.0,698700000.0
Operating Expenses,766200000.0,723400000.0,770400000.0,1037700000.0,1117300000.0,1105700000.0,1122600000.0,952800000.0,676700000.0,698700000.0
Operating Income,293300000.0,173600000.0,-147800000.0,355200000.0,423100000.0,419100000.0,398600000.0,81200000.0,-73800000.0,-401700000.0
Interest Expense,73100000.0,67500000.0,102000000.0,104600000.0,119100000.0,126100000.0,164600000.0,134900000.0,0.0,119400000.0
Earnings before Tax,148700000.0,112000000.0,-270700000.0,226600000.0,297200000.0,291300000.0,155600000.0,84500000.0,-211500000.0,-515800000.0
Income Tax Expense,37400000.0,52000000.0,-77400000.0,81000000.0,37700000.0,87400000.0,54200000.0,50400000.0,-26800000.0,-117400000.0
Net Income - Non-Controlling int,0.0,0.0,0.0,0.0,0.0,0.0,0.0,0.0,0.0,1100000.0
Net Income - Discontinued ops,0.0,0.0,0.0,0.0,0.0,0.0,0.0,0.0,0.0,0.0
Net Income,113700000.0,128700000.0,-176100000.0,145900000.0,319000000.0,226000000.0,105800000.0,45200000.0,358500000.0,-398400000.0
Preferred Dividends,0.0,0.0,0.0,0.0,0.0,0.0,0.0,0.0,0.0,0.0
Net Income Com,113700000.0,128700000.0,-176100000.0,145900000.0,319000000.0,226000000.0,105800000.0,45200000.0,358500000.0,-398400000.0
EPS,1.51,1.39,-1.63,1.36,2.91,2.03,0.96,0.41,3.3,-3.88
EPS Diluted,1.48,1.36,-1.63,1.33,2.79,1.93,0.93,0.41,3.3,-3.88
Weighted Average Shs Out,75400000.0,92800000.0,107900000.0,107400000.0,109700000.0,111100000.0,110300000.0,109500000.0,108700000.0,108100000.0
Weighted Average Shs Out (Dil),76900000.0,94900000.0,107900000.0,109600000.0,114200000.0,117000000.0,113900000.0,110700000.0,108700000.0,102600000.0
Dividend per Share,0.390117035111,0.310853530032,0.278035217794,0.235401459854,0.190893169877,0.0470085470085,0.0430201931519,0.0,0.03127874885,0.0
Gross Margin,0.188643902439,0.187010129715,0.160338502397,0.199981660069,0.198867134589,0.203204404291,0.196723096184,0.147633982105,0.13645828618,0.077
EBITDA Margin,0.0688780487805,0.0550258972361,-0.0115009790462,0.0738793538231,0.0791911231512,0.0806606437041,0.0750639595014,0.0319466223903,0.00970983658503,-0.079
EBIT Margin,0.0572292682927,0.0397854883806,-0.0332650626815,0.0542861946172,0.057888327929,0.0591614906832,0.0542431005389,0.0124834732343,-0.0167036349645,-0.1027
Profit Margin,0.0221853658537,0.0294953476647,-0.0396344894331,0.0222982989714,0.0436454185992,0.031902879729,0.0143976920146,0.00694892845063,0.0811416413924,-0.103
Free Cash Flow margin,-0.00187317073171,0.0250951093184,0.0695235308681,0.0166740535832,0.0452462066795,0.0153867871259,0.0285504327473,-0.00922424130615,-0.150536417546,-0.0228
EBITDA,353000000.0,240100000.0,-51100000.0,483400000.0,578800000.0,571400000.0,551600000.0,207800000.0,42900000.0,-303000000.0
EBIT,293300000.0,173600000.0,-147800000.0,355200000.0,423100000.0,419100000.0,398600000.0,81200000.0,-73800000.0,-396400000.0
Consolidated Income,113700000.0,128700000.0,-176100000.0,145900000.0,319000000.0,226000000.0,105800000.0,45200000.0,358500000.0,-397300000.0
Earnings Before Tax Margin,0.0290146341463,0.0256680570198,-0.0609259300939,0.0346319023093,0.0406627536291,0.0411208356861,0.0211746774808,0.0129908065062,-0.0478701733738,-0.1337
Net Profit Margin,0.0221853658537,0.0294953476647,-0.0396344894331,0.0222982989714,0.0436454185992,0.031902879729,0.0143976920146,0.00694892845063,0.0811416413924,-0.1033
