Date,2018-12-31,2017-12-31,2016-12-31,2015-12-31,2014-12-31,2013-12-31,2012-12-31,2011-12-31,2010-12-31,2009-12-31
Revenue,5871000.0,5263000.0,4672000.0,6164000.0,14527000.0,5150000.0,4600000.0,11231000.0,13211000.0,9731000.0
Revenue Growth,0.115523465703971,0.126498287671233,-0.242050616482803,-0.575686652440284,1.82077669902913,0.119565217391304,-0.59041937494435,-0.149875104079933,0.35761997739184,-0.3763
Cost of Revenue,0.0,0.0,7365000.0,21426000.0,14527000.0,10495000.0,13198000.0,11231000.0,5853000.0,5315000.0
Gross Profit,0.0,0.0,-2693000.0,-15262000.0,0.0,-5345000.0,-8598000.0,0.0,7358000.0,4416000.0
R&D Expenses,0.0,0.0,0.0,0.0,0.0,0.0,0.0,0.0,0.0,0.0
SG&A Expense,1245000.0,1171000.0,1405000.0,2069000.0,2707000.0,2059000.0,2613000.0,2324000.0,2294000.0,2085000.0
Operating Expenses,5631000.0,6028000.0,1405000.0,2069000.0,2707000.0,2059000.0,2613000.0,2324000.0,4500000.0,4656000.0
Operating Income,240000.0,-765000.0,-4098000.0,-17331000.0,-739000.0,5205000.0,7359000.0,5854000.0,2858000.0,-240000.0
Interest Expense,5000.0,53000.0,102000.0,80000.0,88000.0,357000.0,743000.0,642000.0,659000.0,634000.0
Earnings before Tax,425000.0,-816000.0,-4199000.0,-17370000.0,-794000.0,4966000.0,6557000.0,4842000.0,-950000.0,-2187000.0
Income Tax Expense,-17000.0,-242000.0,0.0,7351000.0,6000.0,95000.0,87000.0,44000.0,795000.0,-169000.0
Net Income - Non-Controlling int,0.0,0.0,0.0,0.0,0.0,0.0,0.0,0.0,0.0,0.0
Net Income - Discontinued ops,0.0,0.0,0.0,0.0,0.0,0.0,0.0,0.0,3656000.0,0.0
Net Income,1569000.0,-574000.0,-4199000.0,-24721000.0,-788000.0,2819000.0,-67000.0,4680000.0,-1745000.0,-2018000.0
Preferred Dividends,0.0,0.0,0.0,0.0,0.0,0.0,0.0,0.0,0.0,0.0
Net Income Com,1569000.0,-574000.0,-4199000.0,-24721000.0,-788000.0,2819000.0,-67000.0,4680000.0,-1745000.0,-2018000.0
EPS,0.04,-0.06,-0.69,-4.06,-0.01,0.05,0.07,0.08,-0.3,-0.3
EPS Diluted,0.04,-0.06,-0.69,-4.06,-0.01,0.05,0.07,0.08,-0.3,-0.3
Weighted Average Shs Out,10628170.0,10081218.0,6091028.0,6084241.0,60842413.0,60842413.0,60778356.0,60701660.0,6068741.0,5956066.0
Weighted Average Shs Out (Dil),10628170.0,10081218.0,6091028.0,6084241.0,60849931.0,60919878.0,61154631.0,61088983.0,6041586.0,5940899.0
Dividend per Share,0.0,0.0,0.0,0.0,0.0,0.0,0.0,0.0,0.0,0.0
Gross Margin,0.0,0.0,-0.576412671233,-2.47598961713,0.0,-1.03786407767,-1.86913043478,0.0,0.557,0.4538
EBITDA Margin,0.176971555101,0.0340110203306,-0.630993150685,-2.37589227774,0.0,1.58233009709,2.35152173913,0.0,0.145,0.105
EBIT Margin,0.0408788962698,-0.145354360631,-0.877140410959,-2.81164828034,0.0,1.01067961165,1.5997826087,0.0,-0.022,-0.1596
Profit Margin,0.267245784364,-0.109063271898,-0.898758561644,-4.01054510058,0.0,0.547378640777,-0.0145652173913,0.0,-0.132,-0.207
Free Cash Flow margin,0.22772951797,0.0292608778263,-0.226669520548,0.0781959766385,0.432918014731,1.53087378641,1.865,0.68382156531,0.0233,0.0214
EBITDA,1039000.0,179000.0,-2948000.0,-14645000.0,2308000.0,8149000.0,10817000.0,8634000.0,1915000.0,1018000.0
EBIT,240000.0,-765000.0,-4098000.0,-17331000.0,-739000.0,5205000.0,7359000.0,5854000.0,-291000.0,-1553000.0
Consolidated Income,1569000.0,-574000.0,-4199000.0,-24721000.0,-788000.0,2819000.0,-67000.0,4680000.0,-1745000.0,-2018000.0
Earnings Before Tax Margin,0.0723897121444,-0.15504465134,-0.898758561644,-2.81797534069,0.0,0.96427184466,1.42543478261,0.0,-0.0719,-0.2247
Net Profit Margin,0.267245784364,-0.109063271898,-0.898758561644,-4.01054510058,0.0,0.547378640777,-0.0145652173913,0.0,-0.1321,-0.2074
