Date,2018-12-31,2017-12-31,2016-12-31,2015-12-31,2014-12-31,2013-12-31,2012-12-31,2011-12-31,2010-12-31,2009-12-31
Revenue,152000.0,152381.0,152381.0,152381.0,152381.0,152381.0,0.0,0.0,0.0,0.0
Revenue Growth,-0.00250031171865259,0,0,0,0,0.0,0.0,0.0,0.0,0.0
Cost of Revenue,0.0,0.0,0.0,164000000.0,0.0,0.0,0.0,0.0,0.0,0.0
Gross Profit,0.0,0.0,0.0,-163847619.0,0.0,0.0,0.0,0.0,0.0,0.0
R&D Expenses,159391000.0,102532850.0,69232174.0,47707223.0,40086347.0,13662680.0,327283.0,0.0,495793.0,40376.0
SG&A Expense,15161000.0,16331282.0,9889335.0,15625174.0,15787126.0,6658090.0,554691.0,0.0,1520942.0,1731182.0
Operating Expenses,174552000.0,118864132.0,79121509.0,63332397.0,55873473.0,23118370.0,881974.0,0.0,2016735.0,1771558.0
Operating Income,-174400000.0,-118711751.0,-78969128.0,-63180016.0,-55721092.0,-22965989.0,-881974.0,0.0,-2016735.0,-1771558.0
Interest Expense,0.0,0.0,0.0,972736.0,930701.0,952888.0,7097.0,0.0,1271048.0,548359.0
Earnings before Tax,-173482000.0,-118476012.0,-78252894.0,-62948646.0,-55781277.0,-20478210.0,-889071.0,0.0,623645.0,-2793285.0
Income Tax Expense,0.0,0.0,0.0,0.0,0.0,0.0,0.0,0.0,0.0,0.0
Net Income - Non-Controlling int,0.0,0.0,0.0,0.0,0.0,0.0,0.0,0.0,0.0,0.0
Net Income - Discontinued ops,0.0,0.0,0.0,0.0,0.0,0.0,0.0,0.0,0.0,0.0
Net Income,-173482000.0,-118476012.0,-78252894.0,-62948646.0,-55781277.0,-20478210.0,-853074.0,0.0,623645.0,-2793285.0
Preferred Dividends,0.0,0.0,0.0,0.0,0.0,0.0,0.0,0.0,0.0,0.0
Net Income Com,-173482000.0,-118476012.0,-78252894.0,-62948646.0,-55781277.0,-20478210.0,-853074.0,0.0,623645.0,-2793285.0
EPS,-2.3,-1.91,-1.6,-1.38,-1.64,-0.81,-0.44,0.0,16.875,-112.5
EPS Diluted,-2.3,-1.91,-1.6,-1.38,-1.64,-0.81,-0.44,0.0,16.875,-112.5
Weighted Average Shs Out,75466813.0,62069570.0,49041354.0,45646414.0,34068926.0,25413964.0,1926198.0,0.0,43010.0,25111.0
Weighted Average Shs Out (Dil),75466813.0,62069570.0,49041354.0,45646414.0,34068926.0,25413964.0,1926198.0,0.0,39778.0,25111.0
Dividend per Share,0.0,0.0,0.0,0.0,0.0,0.0,0.0,0.0,0.0,0.0
Gross Margin,0.0,0.0,0.0,-1075.24966367,0.0,0.0,0.0,0.0,0.0,0.0
EBITDA Margin,-1147.57236842,-778.102755593,-514.80656381,-410.998890938,-364.373379883,-150.700461344,0.0,0.0,,
EBIT Margin,-1147.36842105,-779.045622486,-518.234740552,-414.618725432,-365.669551978,-150.714255714,0.0,0.0,0.0,0.0
Profit Margin,-1141.32894737,-777.498585782,-513.534456395,-413.100360281,-366.064515917,-134.388211129,0.0,0.0,,
Free Cash Flow margin,-848.782894737,-615.337798019,-406.450377672,-293.556867326,-230.202512124,-71.0712752902,0.0,0.0,0.0,0.0
EBITDA,-174431000.0,-118568076.0,-78446739.0,-62628422.0,-55523580.0,-22963887.0,-881974.0,0.0,1898094.0,-2239395.0
EBIT,-174400000.0,-118711751.0,-78969128.0,-63180016.0,-55721092.0,-22965989.0,-881974.0,0.0,1894693.0,-2244926.0
Consolidated Income,-173482000.0,-118476012.0,-78252894.0,-62948646.0,-55781277.0,-20478210.0,-853074.0,0.0,623645.0,-2793285.0
Earnings Before Tax Margin,-1141.32894737,-777.498585782,-513.534456395,-413.100360281,-366.064515917,-134.388211129,0.0,0.0,0.0,0.0
Net Profit Margin,-1141.32894737,-777.498585782,-513.534456395,-413.100360281,-366.064515917,-134.388211129,0.0,0.0,0.0,0.0
