Date,2019-01-31,2018-01-31,2017-01-31,2016-01-31,2015-01-31,2014-01-31,2013-01-31,2012-01-31,2011-01-31,2010-01-31
Revenue,4442100000.0,4169800000.0,4001800000.0,4104900000.0,4249913000.0,4031130000.0,3794249000.0,0.0,0.0,2709704000.0
Revenue Growth,0.0653028922250468,0.0419811085011745,-0.0251163243927989,-0.0341214043675718,0.0542733675172966,0.0624315905466405,0.0,0.0,-1,-0.0488
Cost of Revenue,1631100000.0,1565100000.0,1511500000.0,1613600000.0,1712738000.0,1690687000.0,1630965000.0,0.0,0.0,1179485000.0
Gross Profit,2811000000.0,2604700000.0,2490300000.0,2491300000.0,2537175000.0,2340443000.0,2163284000.0,0.0,0.0,1530219000.0
R&D Expenses,0.0,0.0,0.0,0.0,0.0,0.0,0.0,0.0,0.0,0.0
SG&A Expense,2020700000.0,1810200000.0,1769100000.0,1731200000.0,1645746000.0,1555903000.0,1466067000.0,0.0,0.0,1089727000.0
Operating Expenses,2020700000.0,1810200000.0,1769100000.0,1731200000.0,1645746000.0,1555903000.0,1466067000.0,0.0,0.0,1089727000.0
Operating Income,790300000.0,794500000.0,721200000.0,760100000.0,891429000.0,304329000.0,697217000.0,0.0,0.0,440492000.0
Interest Expense,0.0,0.0,0.0,0.0,0.0,0.0,0.0,0.0,0.0,55041000.0
Earnings before Tax,743500000.0,760500000.0,676600000.0,709900000.0,737537000.0,65164000.0,643576000.0,0.0,0.0,389121000.0
Income Tax Expense,157100000.0,390400000.0,230500000.0,246000000.0,253358000.0,73497000.0,227419000.0,0.0,0.0,124298000.0
Net Income - Non-Controlling int,0.0,0.0,0.0,0.0,0.0,0.0,0.0,0.0,0.0,0.0
Net Income - Discontinued ops,0.0,0.0,0.0,0.0,0.0,0.0,0.0,0.0,0.0,853000.0
Net Income,586400000.0,370100000.0,446100000.0,463900000.0,484179000.0,181369000.0,416157000.0,0.0,0.0,264823000.0
Preferred Dividends,0.0,0.0,0.0,0.0,0.0,0.0,0.0,0.0,0.0,0.0
Net Income Com,586400000.0,370100000.0,446100000.0,463900000.0,484179000.0,181369000.0,416157000.0,0.0,0.0,264823000.0
EPS,4.77,2.97,3.57,3.61,3.75,1.42,3.28,0.0,0.0,2.13
EPS Diluted,4.75,2.96,3.55,3.59,3.73,1.41,3.25,0.0,0.0,2.11
Weighted Average Shs Out,122900000.0,124500000.0,125100000.0,128600000.0,129221000.0,127835000.0,126737000.0,0.0,0.0,124450850.0
Weighted Average Shs Out (Dil),123500000.0,125100000.0,125500000.0,129100000.0,129918000.0,128867000.0,127934000.0,0.0,0.0,124345000.0
Dividend per Share,2.13603238866,1.93924860112,1.74342629482,1.5755228505,1.47147431457,1.32161065284,1.23965482202,0.0,0.0,0.68
Gross Margin,0.632808806646,0.624658256991,0.622294967265,0.606908816293,0.596994573771,0.580592290499,0.570148137352,0.0,0.0,0.5647
EBITDA Margin,0.229463542018,0.240155403137,0.232320455795,0.234500231431,0.255437464249,0.120303240034,0.226887059863,0.0,0.0,0.215
EBIT Margin,0.177911348236,0.190536716389,0.180218901494,0.185168944432,0.209752293753,0.0754947124007,0.183756258485,0.0,0.0,0.1639
Profit Margin,0.132009635083,0.0887572545446,0.111474836324,0.113011279203,0.113926802737,0.0449920989896,0.109680993525,0.0,0.0,0.098
Free Cash Flow margin,0.0562121519101,0.166171039378,0.119771103004,0.136641574703,0.0865248300377,-0.016571035913,0.0286644339894,0.0,0.0,0.2258
EBITDA,1019300000.0,1001400000.0,929700000.0,962600000.0,1085587000.0,484958000.0,860866000.0,0.0,0.0,583581000.0
EBIT,790300000.0,794500000.0,721200000.0,760100000.0,891429000.0,304329000.0,697217000.0,0.0,0.0,444162000.0
Consolidated Income,586400000.0,370100000.0,446100000.0,463900000.0,484179000.0,181369000.0,416157000.0,0.0,0.0,264823000.0
Earnings Before Tax Margin,0.16737579073,0.182382848098,0.169073916737,0.172939657483,0.173541670147,0.0161651943748,0.169618809941,0.0,0.0,0.1436
Net Profit Margin,0.132009635083,0.0887572545446,0.111474836324,0.113011279203,0.113926802737,0.0449920989896,0.109680993525,0.0,0.0,0.0977
