Date,2018-12-31,2017-12-31,2016-12-31,2015-12-31,2014-12-31,2013-12-31,2012-12-31,2011-12-31,2010-12-31,2009-12-31
Revenue,1707758000.0,1880332000.0,2328569000.0,2450382000.0,1993920000.0,1830085000.0,1980771000.0,1976022000.0,2095753000.0,2181605000.0
Revenue Growth,-0.0917784731632499,-0.192494617939172,-0.0497118408476719,0.228926937891189,0.0895231642246125,-0.0760744174869281,0.00240331332343466,-0.0571303011375863,-0.0393526784179538,-0.3245
Cost of Revenue,1112819000.0,1005809000.0,1113508000.0,1098374000.0,1004385000.0,1022016000.0,1082348000.0,1140732000.0,1161636000.0,1348732000.0
Gross Profit,594939000.0,874523000.0,1215061000.0,1352008000.0,989535000.0,808069000.0,898423000.0,835290000.0,934117000.0,832873000.0
R&D Expenses,0.0,0.0,0.0,0.0,0.0,0.0,0.0,0.0,0.0,0.0
SG&A Expense,96555000.0,106150000.0,119889000.0,133184000.0,140917000.0,140958000.0,144296000.0,173604000.0,193743000.0,198836000.0
Operating Expenses,430620000.0,867823000.0,830771000.0,726876000.0,562376000.0,745323000.0,1048816000.0,795413000.0,699994000.0,663085000.0
Operating Income,164319000.0,6700000.0,384290000.0,625132000.0,427159000.0,62746000.0,-150393000.0,39877000.0,234123000.0,169788000.0
Interest Expense,254126000.0,268400000.0,282966000.0,242469000.0,208529000.0,181396000.0,167615000.0,137604000.0,136107000.0,141448000.0
Earnings before Tax,-59513000.0,-151044000.0,-98714000.0,65384000.0,-44584000.0,-111866000.0,-174586000.0,-354326000.0,-273627000.0,151301000.0
Income Tax Expense,19724000.0,12232000.0,24468000.0,-16767000.0,10173000.0,2872000.0,-14406000.0,4290000.0,-6340000.0,22889000.0
Net Income - Non-Controlling int,21490000.0,-365796000.0,209846000.0,323309000.0,178759000.0,150218000.0,-150936000.0,-17805000.0,100652000.0,81365000.0
Net Income - Discontinued ops,0.0,0.0,0.0,0.0,0.0,0.0,0.0,0.0,0.0,0.0
Net Income,-79237000.0,-163276000.0,-123182000.0,82151000.0,-54757000.0,-114738000.0,-160180000.0,-358616000.0,-267287000.0,128412000.0
Preferred Dividends,0.0,0.0,0.0,0.0,0.0,0.0,0.0,0.0,0.0,0.0
Net Income Com,-79237000.0,-163276000.0,-123182000.0,82151000.0,-54757000.0,-114738000.0,-160180000.0,-358616000.0,-267287000.0,128412000.0
EPS,-0.79,-1.89,-1.62,1.13,-0.76,-1.63,-2.31,-5.11,-3.67,1.77
EPS Diluted,-0.79,-1.89,-1.62,1.12,-0.76,-1.63,-2.31,-5.11,-3.67,1.76
Weighted Average Shs Out,89127041.0,86149975.0,72711371.0,72500502.0,70729399.0,69704188.0,68732341.0,72012843.0,72694345.0,72512291.0
Weighted Average Shs Out (Dil),99670176.0,86335473.0,79211154.0,72665783.0,72066008.0,70457968.0,69263369.0,70234817.0,72862617.0,72549361.0
Dividend per Share,0.22,0.22,0.22,1.732,1.265,1.265,1.265,1.265,1.265,1.265
Gross Margin,0.3484,0.4651,0.5218,0.5518,0.4963,0.4415,0.4536,0.4227,0.4457,0.3818
EBITDA Margin,0.276,0.321,0.325,0.334,0.294,0.274,0.227,0.107,0.145,0.335
EBIT Margin,0.114,0.0624,0.0791,0.1256,0.0822,0.038,-0.0035,-0.1097,-0.0656,0.1342
Profit Margin,-0.046,-0.087,-0.053,0.034,-0.027,-0.063,-0.081,-0.181,-0.128,0.059
Free Cash Flow margin,-0.2996,-0.2711,0.0121,-0.4163,-0.2751,-0.252,-0.1185,-0.3279,0.0328,-0.0582
EBITDA,470920000.0,603185000.0,756077000.0,817353000.0,586849000.0,500616000.0,448927000.0,211886000.0,303185000.0,729925000.0
EBIT,194613000.0,117356000.0,184252000.0,307853000.0,163945000.0,69530000.0,-6971000.0,-216722000.0,-137520000.0,292749000.0
Consolidated Income,-57747000.0,-529072000.0,86664000.0,405460000.0,124002000.0,35480000.0,-311116000.0,-376421000.0,-166635000.0,209777000.0
Earnings Before Tax Margin,-0.0348,-0.0803,-0.0424,0.0267,-0.0224,-0.0611,-0.0881,-0.1793,-0.1306,0.0694
Net Profit Margin,-0.0464,-0.0868,-0.0529,0.0335,-0.0275,-0.0627,-0.0809,-0.1815,-0.1275,0.0589
