Date,2018-12-31,2017-12-31,2016-12-31,2015-12-31,2014-12-31,2013-12-31,2012-12-31,2011-12-31,2010-12-31,2009-12-31
Revenue,24358000000.0,20918000000.0,18274100000.0,16965400000.0,16889600000.0,13090300000.0,12509900000.0,11725900000.0,10788700000.0,9911600000.0
Revenue Growth,0.164451668419543,0.14468017576789,0.0771393542150495,0.0044879689276241,0.290237809675867,0.0463952549580732,0.0668605394895061,0.0868686681435205,0.0884922716816659,-0.0559
Cost of Revenue,14072000000.0,12109000000.0,10519500000.0,9724600000.0,9215200000.0,7929000000.0,7509200000.0,7132200000.0,6510700000.0,6013800000.0
Gross Profit,10286000000.0,8809000000.0,7754600000.0,7240800000.0,7674400000.0,5161300000.0,5000700000.0,4593700000.0,4278000000.0,3897800000.0
R&D Expenses,967000000.0,888000000.0,754800000.0,692300000.0,691100000.0,395500000.0,376400000.0,0.0,0.0,243800000.0
SG&A Expense,6057000000.0,5492000000.0,4975900000.0,4612100000.0,4896100000.0,3446300000.0,3354900000.0,3126500000.0,2826200000.0,2592700000.0
Operating Expenses,6503000000.0,5841000000.0,5305400000.0,4904600000.0,5171400000.0,3551700000.0,3518600000.0,3348500000.0,3013100000.0,2895700000.0
Operating Income,3783000000.0,2968000000.0,2449200000.0,2336200000.0,2503000000.0,1609600000.0,1482100000.0,1245200000.0,1264900000.0,1002100000.0
Interest Expense,667000000.0,592000000.0,469600000.0,414900000.0,479900000.0,262100000.0,241600000.0,175300000.0,84700000.0,0.0
Earnings before Tax,3262000000.0,2429000000.0,2023900000.0,1936400000.0,2087200000.0,1319500000.0,1269400000.0,1126600000.0,788600000.0,907500000.0
Income Tax Expense,324000000.0,201000000.0,-1400000.0,-43900000.0,191700000.0,40400000.0,11000000.0,107000000.0,131500000.0,57200000.0
Net Income - Non-Controlling int,0.0,0.0,0.0,0.0,0.0,0.0,0.0,0.0,0.0,0.0
Net Income - Discontinued ops,0.0,0.0,0.0,0.0,0.0,0.0,0.0,0.0,0.0,-27100000.0
Net Income,2938000000.0,2225000000.0,2021800000.0,1975400000.0,1894400000.0,1273300000.0,1177900000.0,1329900000.0,1035600000.0,850300000.0
Preferred Dividends,0.0,0.0,0.0,0.0,0.0,0.0,0.0,0.0,0.0,0.0
Net Income Com,2938000000.0,2225000000.0,2021800000.0,1975400000.0,1894400000.0,1273300000.0,1177900000.0,1329900000.0,1035600000.0,850300000.0
EPS,7.31,5.64,5.12,4.96,4.76,3.53,3.24,3.49,2.57,2.06
EPS Diluted,7.24,5.59,5.09,4.92,4.71,3.48,3.21,3.46,2.53,2.01
Weighted Average Shs Out,402000000.0,395000000.0,394800000.0,398700000.0,398200000.0,360300000.0,363800000.0,380800000.0,403300000.0,408314630.0
Weighted Average Shs Out (Dil),406000000.0,398000000.0,397400000.0,401900000.0,402300000.0,365800000.0,366600000.0,384800000.0,409400000.0,412400000.0
Dividend per Share,0.655172413793,0.595477386935,0.599899345747,0.598656382185,0.583644046731,0.591033351558,0.387888707038,0.0,0.0,0.0
Gross Margin,0.422284259791,0.42112056602,0.424349215556,0.426798071369,0.45438613111,0.394284317395,0.39973940639,0.391756709506,0.396525994791,0.3933
EBITDA Margin,0.248378356187,0.239076393537,0.230227480423,0.237212208377,0.247951402046,0.199346080686,0.197107890551,0.179952071909,0.189457487927,0.169
EBIT Margin,0.155308317596,0.141887369729,0.134025752294,0.13770379714,0.148197707465,0.122961276671,0.118474168459,0.10619227522,0.11724304133,0.0916
Profit Margin,0.120617456277,0.10636772158,0.110637459574,0.116436983508,0.112163698371,0.0972704980023,0.0941574273176,0.113415601361,0.0959893221612,0.086
Free Cash Flow margin,0.155390426143,0.167176594321,0.148401289256,0.141110731253,0.129784009094,0.132029059685,0.13784282848,0.121483212376,0.114221361239,0.1486
EBITDA,6050000000.0,5001000000.0,4207200000.0,4024400000.0,4187800000.0,2609500000.0,2465800000.0,2110100000.0,2044000000.0,1670400000.0
EBIT,3783000000.0,2968000000.0,2449200000.0,2336200000.0,2503000000.0,1609600000.0,1482100000.0,1245200000.0,1264900000.0,907500000.0
Consolidated Income,2938000000.0,2225000000.0,2021800000.0,1975400000.0,1894400000.0,1273300000.0,1177900000.0,1329900000.0,1035600000.0,850300000.0
Earnings Before Tax Margin,0.133919040972,0.116120087963,0.110752376314,0.114138187134,0.1235790072,0.100799828881,0.101471634466,0.096077912996,0.0730949975437,0.0916
Net Profit Margin,0.120617456277,0.10636772158,0.110637459574,0.116436983508,0.112163698371,0.0972704980023,0.0941574273176,0.113415601361,0.0959893221612,0.0858
