Date,2018-12-31,2017-12-31,2016-12-31,2015-12-31,2014-12-31,2013-12-31,2012-12-31,2011-12-31,2010-12-31,2009-12-31
Revenue,1615000000.0,1556000000.0,1480000000.0,1492000000.0,1246000000.0,944661000.0,0.0,0.0,484635000.0,352089000.0
Revenue Growth,0.0379177377892031,0.0513513513513514,-0.00804289544235925,0.197431781701445,0.318991680613469,0.0,0.0,-1,0.376455952898273,0.1805
Cost of Revenue,293000000.0,274000000.0,285000000.0,203000000.0,177000000.0,106760000.0,0.0,0.0,7345000.0,4569000.0
Gross Profit,1322000000.0,1282000000.0,1195000000.0,1289000000.0,1069000000.0,837901000.0,0.0,0.0,477290000.0,347520000.0
R&D Expenses,0.0,0.0,0.0,0.0,0.0,0.0,0.0,0.0,43321000.0,29331000.0
SG&A Expense,198000000.0,178000000.0,163000000.0,226000000.0,141000000.0,108764000.0,0.0,3216000.0,172289000.0,119965000.0
Operating Expenses,1139000000.0,1158000000.0,1029000000.0,1057000000.0,729000000.0,543327000.0,0.0,3216000.0,250990000.0,179342000.0
Operating Income,183000000.0,124000000.0,166000000.0,232000000.0,340000000.0,294574000.0,296296000.0,0.0,226300000.0,168178000.0
Interest Expense,12000000.0,15000000.0,12000000.0,10000000.0,9000000.0,10074000.0,0.0,0.0,241000.0,0.0
Earnings before Tax,173000000.0,110000000.0,151000000.0,239000000.0,322000000.0,205987000.0,133361000.0,0.0,224237000.0,166752000.0
Income Tax Expense,60000000.0,129000000.0,31000000.0,41000000.0,96000000.0,79259000.0,92347000.0,0.0,85461000.0,64325000.0
Net Income - Non-Controlling int,0.0,0.0,0.0,0.0,0.0,0.0,0.0,0.0,178000.0,-212000.0
Net Income - Discontinued ops,0.0,0.0,0.0,0.0,0.0,0.0,0.0,0.0,0.0,0.0
Net Income,113000000.0,-19000000.0,120000000.0,198000000.0,226000000.0,205443000.0,194069000.0,0.0,138776000.0,102427000.0
Preferred Dividends,0.0,0.0,0.0,0.0,0.0,0.0,0.0,0.0,0.0,0.0
Net Income Com,113000000.0,-19000000.0,120000000.0,198000000.0,226000000.0,205443000.0,194069000.0,0.0,138776000.0,102427000.0
EPS,0.82,-0.14,0.83,1.38,1.58,1.44,1.39,0.0,1.04,0.77
EPS Diluted,0.81,-0.14,0.82,1.36,1.55,1.41,1.37,0.0,1.04,0.77
Weighted Average Shs Out,138116000.0,140445000.0,145443000.0,143836000.0,142721000.0,142854000.0,0.0,0.0,133990063.0,
Weighted Average Shs Out (Dil),140375000.0,140445000.0,146893000.0,145967000.0,145800000.0,145263000.0,0.0,0.0,133461000.0,133461000.0
Dividend per Share,0.0,0.0,0.0,0.0,0.0,0.0,0.0,0.0,0.0,0.0
Gross Margin,0.818575851393,0.823907455013,0.807432432432,0.863941018767,0.857945425361,0.886985913465,0.0,0.0,0.9848,0.987
EBITDA Margin,0.185139318885,0.151028277635,0.180405405405,0.217828418231,0.325842696629,0.349944583295,0.0,0.0,0.52,0.539
EBIT Margin,0.113312693498,0.0796915167095,0.112162162162,0.155495978552,0.272873194222,0.311830381481,0.0,0.0,0.4632,0.4736
Profit Margin,0.0699690402477,-0.0122107969152,0.0810810810811,0.132707774799,0.181380417335,0.217478015923,0.0,0.0,0.286,0.291
Free Cash Flow margin,0.213003095975,0.111825192802,0.168243243243,0.182975871314,0.245585874799,0.311294739594,0.0,0.0,0.3675,0.3177
EBITDA,299000000.0,235000000.0,267000000.0,325000000.0,406000000.0,330579000.0,296296000.0,0.0,251958000.0,189888000.0
EBIT,183000000.0,124000000.0,166000000.0,232000000.0,340000000.0,294574000.0,296296000.0,0.0,224478000.0,166752000.0
Consolidated Income,113000000.0,-19000000.0,120000000.0,198000000.0,226000000.0,205443000.0,194069000.0,0.0,138954000.0,102215000.0
Earnings Before Tax Margin,0.107120743034,0.0706940874036,0.102027027027,0.16018766756,0.258426966292,0.21805388388,0.0,0.0,0.4627,0.4736
Net Profit Margin,0.0699690402477,-0.0122107969152,0.0810810810811,0.132707774799,0.181380417335,0.217478015923,0.0,0.0,0.2864,0.2909
