Date,2018-12-31,2017-12-31,2016-12-31,2015-12-31,2014-12-31,2013-12-31,2012-12-31,2011-12-31,2010-12-31,2009-12-31
Revenue,152469000.0,107945000.0,110803000.0,118369000.0,125189000.0,118414000.0,118495000.0,108010000.0,0.0,445339000.0
Revenue Growth,0.412469313076104,-0.0257935254460619,-0.0639187625138339,-0.0544776298237066,0.0572145185535494,-0.000683573146546268,0.0970743449680585,0.0,-1,0.0603
Cost of Revenue,0.0,0.0,0.0,0.0,0.0,0.0,0.0,0.0,0.0,0.0
Gross Profit,0.0,0.0,0.0,0.0,0.0,0.0,0.0,0.0,0.0,445339000.0
R&D Expenses,0.0,0.0,0.0,0.0,0.0,0.0,0.0,0.0,0.0,0.0
SG&A Expense,238033000.0,234987000.0,239637000.0,230198000.0,226694000.0,221727000.0,190519000.0,178556000.0,174582000.0,205765000.0
Operating Expenses,238033000.0,234987000.0,239637000.0,230198000.0,226694000.0,221727000.0,190519000.0,178556000.0,174582000.0,308259000.0
Operating Income,149584000.0,105630000.0,108411000.0,116038000.0,123562000.0,117060000.0,117283000.0,106841000.0,142755000.0,137080000.0
Interest Expense,66192000.0,42245000.0,24547000.0,20460000.0,21546000.0,25859000.0,30669000.0,43036000.0,56195000.0,0.0
Earnings before Tax,0.0,0.0,0.0,0.0,0.0,0.0,0.0,0.0,142755000.0,137080000.0
Income Tax Expense,22269000.0,48715000.0,31053000.0,35414000.0,38529000.0,36937000.0,42100000.0,41778000.0,42119000.0,44033000.0
Net Income - Non-Controlling int,0.0,0.0,0.0,0.0,0.0,0.0,0.0,0.0,0.0,0.0
Net Income - Discontinued ops,0.0,0.0,0.0,0.0,0.0,0.0,0.0,0.0,0.0,0.0
Net Income,149584000.0,105630000.0,108411000.0,116038000.0,123562000.0,117060000.0,117283000.0,106841000.0,100636000.0,93047000.0
Preferred Dividends,0.0,0.0,0.0,0.0,0.0,0.0,0.0,0.0,0.0,19998000.0
Net Income Com,149584000.0,105630000.0,108411000.0,116038000.0,123562000.0,117060000.0,117283000.0,106841000.0,100636000.0,73049000.0
EPS,2.22,1.56,1.6,1.72,1.83,1.75,1.81,1.67,1.58,1.26
EPS Diluted,2.21,1.56,1.6,1.71,1.83,1.75,1.81,1.66,1.57,1.26
Weighted Average Shs Out,67505000.0,67727000.0,67620000.0,67550000.0,67434000.0,66897000.0,64659000.0,64066000.0,0.0,57440047.0
Weighted Average Shs Out (Dil),67659000.0,67887000.0,67784000.0,67692000.0,67594000.0,67073000.0,64851000.0,64261000.0,0.0,57440047.0
Dividend per Share,0.922641481547,0.924993003079,0.924495456155,0.924850794776,0.924253631979,0.92848090886,0.924596382477,0.925678094023,0.0,0.92
Gross Margin,0.0,0.0,0.0,0.0,0.0,0.0,0.0,0.0,0.0,1.0
EBITDA Margin,1.23647429969,1.33494835333,1.30884542837,1.29336228235,1.2751439823,1.30232067154,1.23682855817,1.2231645218,0.0,0.367
EBIT Margin,0.981078120798,0.978553893186,0.978412136856,0.980307343984,0.98700365048,0.988565541237,0.989771720326,0.989176928062,0.0,0.3078
Profit Margin,0.981078120798,0.978553893186,0.978412136856,0.980307343984,0.98700365048,0.988565541237,0.989771720326,0.989176928062,0.0,0.164
Free Cash Flow margin,1.47278463163,1.79154198898,1.23840509733,1.34435536331,1.58862200353,1.17746212441,0.632541457445,1.49435237478,0.0,0.3742
EBITDA,188524000.0,144101000.0,145024000.0,153094000.0,159634000.0,154213000.0,146558000.0,132114000.0,171665000.0,163569000.0
EBIT,149584000.0,105630000.0,108411000.0,116038000.0,123562000.0,117060000.0,117283000.0,106841000.0,142755000.0,137080000.0
Consolidated Income,149584000.0,105630000.0,108411000.0,116038000.0,123562000.0,117060000.0,117283000.0,106841000.0,100636000.0,93047000.0
Earnings Before Tax Margin,0.0,0.0,0.0,0.0,0.0,0.0,0.0,0.0,0.0,0.3078
Net Profit Margin,0.981078120798,0.978553893186,0.978412136856,0.980307343984,0.98700365048,0.988565541237,0.989771720326,0.989176928062,0.0,0.2089
