Date,2018-12-31,2017-12-31,2016-12-31,2015-12-31,2014-12-31,2013-12-31,2012-12-31,2011-12-31,2010-12-31,2009-12-31
Revenue,2509100000.0,3662800000.0,4588300000.0,6392700000.0,6170000000.0,4365300000.0,3811900000.0,0.0,0.0,2420900000.0
Revenue Growth,-0.314977612755269,-0.201708693851753,-0.282259452187652,0.0360940032414911,0.413419467161478,0.145176945880007,0.0,0.0,-1,-0.3765
Cost of Revenue,1938800000.0,2745500000.0,3456100000.0,4656200000.0,4619800000.0,3322300000.0,3051500000.0,0.0,0.0,1964900000.0
Gross Profit,570300000.0,917300000.0,1132200000.0,1736500000.0,1550200000.0,1043000000.0,760400000.0,0.0,0.0,456000000.0
R&D Expenses,0.0,0.0,0.0,0.0,0.0,0.0,0.0,0.0,0.0,0.0
SG&A Expense,296600000.0,454800000.0,407400000.0,476400000.0,403600000.0,291300000.0,224100000.0,0.0,0.0,186100000.0
Operating Expenses,296600000.0,454800000.0,407400000.0,476400000.0,403600000.0,291300000.0,224100000.0,0.0,0.0,511100000.0
Operating Income,315100000.0,549100000.0,742200000.0,1438900000.0,1251000000.0,772900000.0,574800000.0,0.0,0.0,-55100000.0
Interest Expense,179300000.0,184000000.0,181900000.0,194700000.0,193400000.0,187300000.0,194700000.0,0.0,0.0,123200000.0
Earnings before Tax,151600000.0,372000000.0,566800000.0,1252000000.0,1064100000.0,386100000.0,385900000.0,0.0,0.0,-147100000.0
Income Tax Expense,42600000.0,-341600000.0,202100000.0,426000000.0,354800000.0,204400000.0,134000000.0,0.0,0.0,-9400000.0
Net Income - Non-Controlling int,0.0,0.0,0.0,0.0,0.0,0.0,0.0,0.0,0.0,0.0
Net Income - Discontinued ops,0.0,0.0,0.0,0.0,0.0,0.0,0.0,0.0,0.0,0.0
Net Income,159300000.0,702500000.0,343600000.0,796500000.0,678200000.0,375500000.0,255200000.0,0.0,0.0,-137700000.0
Preferred Dividends,0.0,0.0,0.0,0.0,0.0,0.0,0.0,0.0,0.0,0.0
Net Income Com,159300000.0,702500000.0,343600000.0,796500000.0,678200000.0,375500000.0,255200000.0,0.0,0.0,-137700000.0
EPS,1.09,4.62,2.25,5.14,4.35,4.76,3.2,0.0,0.0,-0.905
EPS Diluted,1.07,4.52,2.25,5.08,4.19,4.75,3.19,0.0,0.0,-0.905
Weighted Average Shs Out,144000000.0,148600000.0,148400000.0,150200000.0,151000000.0,76400000.0,77300000.0,0.0,0.0,158560484.0
Weighted Average Shs Out (Dil),146400000.0,152000000.0,148600000.0,152200000.0,156700000.0,76500000.0,77500000.0,0.0,0.0,152800000.0
Dividend per Share,0.52868852459,0.477631578947,0.448855989233,0.42641261498,0.347160178685,0.513725490196,0.409032258065,0.0,0.0,0.16
Gross Margin,0.227292654737,0.250436824287,0.24675805854,0.27163796205,0.251247974068,0.238929741369,0.199480573992,0.0,0.0,0.1884
EBITDA Margin,0.23319118409,0.239243201922,0.229649325458,0.271465890782,0.24737439222,0.232561335991,0.207376898659,0.0,0.0,0.057
EBIT Margin,0.125582878323,0.149912635143,0.161759257241,0.225084862421,0.202755267423,0.17705541429,0.150790944149,0.0,0.0,-0.0099
Profit Margin,0.0634889004025,0.1917931637,0.0748861234008,0.124595241447,0.109918962723,0.0860192884796,0.0669482410347,0.0,0.0,-0.057
Free Cash Flow margin,0.136224144115,0.179425576062,0.20833424144,0.116335820545,0.0972285251216,0.117357340847,0.107767779847,0.0,0.0,0.2009
EBITDA,585100000.0,876300000.0,1053700000.0,1735400000.0,1526300000.0,1015200000.0,790500000.0,0.0,0.0,136900000.0
EBIT,315100000.0,549100000.0,742200000.0,1438900000.0,1251000000.0,772900000.0,574800000.0,0.0,0.0,-23900000.0
Consolidated Income,159300000.0,702500000.0,343600000.0,796500000.0,678200000.0,375500000.0,255200000.0,0.0,0.0,-137700000.0
Earnings Before Tax Margin,0.0604200709418,0.101561646828,0.123531591221,0.195848389569,0.172463533225,0.0884475293794,0.101235604292,0.0,0.0,-0.0608
Net Profit Margin,0.0634889004025,0.1917931637,0.0748861234008,0.124595241447,0.109918962723,0.0860192884796,0.0669482410347,0.0,0.0,-0.0569
