Date,2018-12-31,2017-12-31,2016-12-31,2015-12-31,2014-12-31,2013-12-31,2012-12-31,2011-12-31,2010-12-31,2009-12-31
Revenue,1304034000.0,1387310000.0,1249634000.0,960561000.0,828008000.0,505009000.0,638831000.0,611023000.0,509262000.0,298812000.0
Revenue Growth,-0.0600269586465894,0.110173058671579,0.300941845442403,0.160086617520604,0.639590581553992,-0.209479502403609,0.0455105617955462,0.199820524602268,0.704288984378137,0.1874
Cost of Revenue,1011087000.0,1033005000.0,946534000.0,755196000.0,764220000.0,476900000.0,560046000.0,526198000.0,402077000.0,325310000.0
Gross Profit,292947000.0,354305000.0,303100000.0,205365000.0,63788000.0,28109000.0,78785000.0,84825000.0,107185000.0,-26498000.0
R&D Expenses,73053000.0,67664000.0,63134000.0,61669000.0,51841000.0,33064000.0,31093000.0,24886000.0,23876000.0,23375000.0
SG&A Expense,64951000.0,66799000.0,65439000.0,62793000.0,58783000.0,42916000.0,44413000.0,48239000.0,39986000.0,31943000.0
Operating Expenses,138004000.0,134463000.0,127946000.0,123471000.0,167353000.0,83444000.0,81295000.0,55151000.0,63862000.0,55318000.0
Operating Income,154943000.0,219842000.0,175154000.0,81894000.0,-103565000.0,-55335000.0,-2510000.0,29674000.0,43323000.0,-81816000.0
Interest Expense,13184000.0,15447000.0,24349000.0,13179000.0,33409000.0,32971000.0,31808000.0,27797000.0,26406000.0,45710000.0
Earnings before Tax,141517000.0,198123000.0,205356000.0,-41925000.0,-20479000.0,-117048000.0,-62943000.0,2832000.0,-29537000.0,-125481000.0
Income Tax Expense,5938000.0,-99888000.0,1432000.0,-12278000.0,-24742000.0,-9388000.0,7326000.0,21362000.0,12830000.0,-5022000.0
Net Income - Non-Controlling int,-2200000.0,3645000.0,5242000.0,520000.0,-5635000.0,0.0,0.0,0.0,0.0,0.0
Net Income - Discontinued ops,0.0,0.0,0.0,0.0,0.0,0.0,0.0,0.0,0.0,0.0
Net Income,135579000.0,298011000.0,203924000.0,-29647000.0,4263000.0,-107660000.0,-70269000.0,-18530000.0,-42367000.0,-120459000.0
Preferred Dividends,0.0,0.0,0.0,0.0,0.0,0.0,0.0,0.0,0.0,0.0
Net Income Com,135579000.0,298011000.0,203924000.0,-29647000.0,4263000.0,-107660000.0,-70269000.0,-18530000.0,-42367000.0,-120459000.0
EPS,1.038,2.369,1.792,-0.308,0.062,-2.092,-2.438,-0.692,-2.077,-8.192
EPS Diluted,1.015,2.231,1.608,-0.308,0.062,-2.092,-2.438,-0.692,-2.077,-8.192
Weighted Average Shs Out,98457717.0,92984626.0,82057606.0,58033049.0,47869150.0,22311513.0,21219361.0,19069862.0,13264086.0,10668376.0
Weighted Average Shs Out (Dil),100399000.0,96647000.0,87480000.0,74366000.0,51798000.0,39633000.0,22173000.0,20649000.0,15688000.0,11364000.0
Dividend per Share,0.0,0.0,0.0,0.0,0.0,0.0,0.0,0.0,0.0,0.0
Gross Margin,0.2246,0.2554,0.2426,0.2138,0.077,0.0557,0.1233,0.1388,0.2105,-0.0887
EBITDA Margin,0.283,0.304,0.342,0.145,0.262,0.134,0.223,0.316,0.275,0.213
EBIT Margin,0.1186,0.1539,0.1838,-0.0299,0.0156,-0.1665,-0.0487,0.0501,-0.0061,-0.267
Profit Margin,0.104,0.215,0.163,-0.031,0.005,-0.213,-0.11,-0.03,-0.083,-0.403
Free Cash Flow margin,0.1098,0.1355,0.0943,0.005,0.0574,-0.0689,-0.0448,-0.0056,0.0331,0.0307
EBITDA,369092000.0,421981000.0,427311000.0,139286000.0,216798000.0,67634000.0,142450000.0,193308000.0,139892000.0,63633000.0
EBIT,154701000.0,213570000.0,229705000.0,-28746000.0,12930000.0,-84077000.0,-31135000.0,30629000.0,-3131000.0,-79771000.0
Consolidated Income,133379000.0,301656000.0,209166000.0,-29127000.0,-1372000.0,-107660000.0,-70269000.0,-18530000.0,-42367000.0,-120459000.0
Earnings Before Tax Margin,0.1085,0.1428,0.1643,-0.0436,-0.0247,-0.2318,-0.0985,0.0046,-0.058,-0.4199
Net Profit Margin,0.104,0.2148,0.1632,-0.0309,0.0051,-0.2132,-0.11,-0.0303,-0.0832,-0.4031
