Date,2018-12-31,2017-12-31,2016-12-31,2015-12-31,2014-12-31,2013-12-31,2012-12-31,2011-12-31,2010-12-31,2009-12-31
Revenue,4028211000.0,4927965000.0,4170077000.0,2779541000.0,2446877000.0,2132353000.0,1870972000.0,1808966000.0,0.0,1677483000.0
Revenue Growth,-0.18258124804052,0.181744365871422,0.500275405183806,0.135954524890299,0.147500906275837,0.139703319985548,0.0342770400328143,0.0,-1,-0.0199
Cost of Revenue,2492482000.0,3577320000.0,2993062000.0,1855181000.0,1668892000.0,1436331000.0,1262310000.0,1257970000.0,0.0,1149883000.0
Gross Profit,1535729000.0,1350645000.0,1177015000.0,924360000.0,777985000.0,696022000.0,608662000.0,550996000.0,0.0,527600000.0
R&D Expenses,0.0,0.0,0.0,0.0,0.0,0.0,0.0,0.0,0.0,0.0
SG&A Expense,712991000.0,616601000.0,603633000.0,390253000.0,343128000.0,295555000.0,251010000.0,228540000.0,0.0,183574000.0
Operating Expenses,3205473000.0,4193921000.0,3596695000.0,2245434000.0,2015237000.0,1746106000.0,251010000.0,228540000.0,0.0,183574000.0
Operating Income,822738000.0,734044000.0,573382000.0,534107000.0,431640000.0,386247000.0,357652000.0,322456000.0,0.0,344026000.0
Interest Expense,163400000.0,0.0,0.0,0.0,0.0,0.0,0.0,0.0,0.0,0.0
Earnings before Tax,659764000.0,617562000.0,461214000.0,496888000.0,392929000.0,355919000.0,354854000.0,316551000.0,0.0,337063000.0
Income Tax Expense,127003000.0,65878000.0,161175000.0,151364000.0,129761000.0,112369000.0,115102000.0,102597000.0,0.0,121850000.0
Net Income - Non-Controlling int,0.0,0.0,0.0,0.0,0.0,0.0,0.0,0.0,0.0,3963000.0
Net Income - Discontinued ops,0.0,0.0,0.0,0.0,0.0,0.0,0.0,0.0,0.0,6544000.0
Net Income,576656000.0,586185000.0,319638000.0,364044000.0,322872000.0,244750000.0,244280000.0,220559000.0,0.0,215213000.0
Preferred Dividends,0.0,0.0,0.0,0.0,0.0,0.0,0.0,0.0,0.0,0.0
Net Income Com,576656000.0,586185000.0,319638000.0,364044000.0,322872000.0,244750000.0,244280000.0,220559000.0,0.0,215213000.0
EPS,3.17,3.19,1.74,1.98,1.73,1.3,1.3,1.15,0.0,1.09
EPS Diluted,3.14,3.16,1.73,1.97,1.72,1.29,1.29,1.15,0.0,1.09
Weighted Average Shs Out,181956000.0,183309000.0,182744000.0,182465000.0,184297000.0,187145000.0,187403000.0,191239000.0,0.0,197184497.0
Weighted Average Shs Out (Dil),183919000.0,185430000.0,184448000.0,183622000.0,185756000.0,188793000.0,188665000.0,191584000.0,0.0,197184497.0
Dividend per Share,0.514123065045,0.426128458178,0.397824861207,0.401242770474,0.402657249295,0.299322538442,0.498423130946,0.281594496409,0.0,0.28
Gross Margin,0.381243435361,0.274077636509,0.282252581907,0.332558505163,0.317950187116,0.326410308237,0.325318604447,0.304591683868,0.0,0.3145
EBITDA Margin,0.307163651556,0.232380708873,0.230510851478,0.285877776223,0.278664599814,0.280953481905,0.282505563953,0.271857514182,0.0,0.294
EBIT Margin,0.204244018002,0.148954791684,0.137499139704,0.19215654671,0.176404453514,0.181136519141,0.191158392536,0.17825431766,0.0,0.2009
Profit Margin,0.143154368031,0.118950723067,0.0766503831944,0.130972703767,0.131952689081,0.114779307179,0.130563151132,0.121925453546,0.0,0.128
Free Cash Flow margin,0.230474769072,0.159589810398,0.159895608642,0.196274852575,0.197920859937,0.193119994673,0.226811518291,0.226306630418,0.0,0.2013
EBITDA,1237320000.0,1145164000.0,961248000.0,794609000.0,681858000.0,599092000.0,528560000.0,491781000.0,0.0,493534000.0
EBIT,822738000.0,734044000.0,573382000.0,534107000.0,431640000.0,386247000.0,357652000.0,322456000.0,0.0,337063000.0
Consolidated Income,576656000.0,586185000.0,319638000.0,364044000.0,322872000.0,244750000.0,244280000.0,220559000.0,0.0,219176000.0
Earnings Before Tax Margin,0.163785859281,0.125317854327,0.110600835428,0.178766206363,0.160583878961,0.166913733327,0.189662913181,0.174990021924,0.0,0.2009
Net Profit Margin,0.143154368031,0.118950723067,0.0766503831944,0.130972703767,0.131952689081,0.114779307179,0.130563151132,0.121925453546,0.0,0.1283
