Date,2018-12-31,2017-12-31,2016-12-31,2015-12-31,2014-12-31,2013-12-31,2012-12-31,2011-12-31,2010-12-31,2009-12-31
Revenue,606299000.0,556942000.0,500998000.0,770598000.0,742183000.0,663285000.0,677170000.0,688765000.0,720333000.0,717426000.0
Revenue Growth,0.0886214363434613,0.11166511642761,-0.349858162102679,0.03828570581649,0.11895037578115,-0.0205044523531757,-0.0168344791039034,-0.043824175763154,0.00405198584941165,-0.0256
Cost of Revenue,432714000.0,395605000.0,357120000.0,635909000.0,598280000.0,547387000.0,533880000.0,510724000.0,493713000.0,522999000.0
Gross Profit,173585000.0,161337000.0,143878000.0,134689000.0,143903000.0,115898000.0,143290000.0,178041000.0,226620000.0,194427000.0
R&D Expenses,0.0,0.0,0.0,0.0,0.0,0.0,0.0,0.0,0.0,0.0
SG&A Expense,70226000.0,34361000.0,39478000.0,136284000.0,130754000.0,122410000.0,121776000.0,129686000.0,72830000.0,71535000.0
Operating Expenses,70226000.0,40941000.0,48496000.0,136284000.0,130754000.0,122410000.0,121776000.0,129686000.0,135844000.0,160780000.0
Operating Income,133681000.0,120396000.0,95382000.0,3468000.0,7433000.0,1902000.0,28895000.0,-129114000.0,90776000.0,33647000.0
Interest Expense,27046000.0,15613000.0,17318000.0,-3771000.0,-4587000.0,-5636000.0,6722000.0,15386000.0,14164000.0,15717000.0
Earnings before Tax,125849000.0,107268000.0,-107138000.0,-34718000.0,-10148000.0,-14177000.0,14746000.0,-142307000.0,77775000.0,20511000.0
Income Tax Expense,27046000.0,43553000.0,21973000.0,-3771000.0,-4587000.0,-5636000.0,6722000.0,15386000.0,30445000.0,10137000.0
Net Income - Non-Controlling int,0.0,0.0,496000.0,0.0,0.0,0.0,0.0,0.0,0.0,0.0
Net Income - Discontinued ops,0.0,-2485000.0,184706000.0,0.0,0.0,0.0,0.0,0.0,0.0,0.0
Net Income,98803000.0,63715000.0,-129111000.0,-30947000.0,-5561000.0,-8541000.0,8024000.0,-157693000.0,47330000.0,10374000.0
Preferred Dividends,0.0,0.0,0.0,0.0,0.0,0.0,0.0,0.0,0.0,0.0
Net Income Com,98803000.0,63715000.0,-129111000.0,-30947000.0,-5561000.0,-8541000.0,8024000.0,-157693000.0,47330000.0,10374000.0
EPS,2.47,1.62,-3.49,-0.86,-0.16,-0.25,0.24,-4.68,1.39,0.31
EPS Diluted,2.29,1.5,-3.39,-0.86,-0.16,-0.25,0.24,-4.68,1.36,0.3
Weighted Average Shs Out,40078000.0,39616901.0,38683375.0,35832000.0,35302000.0,34489000.0,33597000.0,33677.0,34311463.0,33799238.0
Weighted Average Shs Out (Dil),40078000.0,39357000.0,36999000.0,35832000.0,35302000.0,34489000.0,33597000.0,33677.0,34129000.0,33730000.0
Dividend per Share,0.0,0.0,0.0,0.0,0.0,0.0,0.0,0.0,0.0,0.0
Gross Margin,0.286302632859,0.2897,0.2872,0.174785037075,0.19389153349,0.174733334841,0.211601222736,0.258493099969,0.3146,0.271
EBITDA Margin,0.236912810346,0.227,-0.117,0.0817430099741,0.093538925036,0.0897321664141,0.122440450699,-0.11213113326,0.201,0.119
EBIT Margin,0.220486921469,0.2206,-0.1793,0.00450040098729,0.0100150501965,0.00286754562518,0.0426702305182,-0.187457260459,0.1276,0.0505
Profit Margin,0.16296084935,0.114,-0.258,-0.0401597201135,-0.00749276121927,-0.0128768176576,0.011849314057,-0.228950367687,0.066,0.014
Free Cash Flow margin,0.164417226484,0.1784,0.0621,0.0340384999702,0.0122705586089,0.0455038181174,-0.0121298935275,0.0392035019201,0.0395,0.0889
EBITDA,143640000.0,126238000.0,-58528000.0,62991000.0,69423000.0,59518000.0,82913000.0,-77232000.0,144695000.0,85517000.0
EBIT,133681000.0,122881000.0,-89820000.0,3468000.0,7433000.0,1902000.0,28895000.0,-129114000.0,91939000.0,36228000.0
Consolidated Income,98803000.0,63715000.0,-128615000.0,-30947000.0,-5561000.0,-8541000.0,8024000.0,-157693000.0,47330000.0,10374000.0
Earnings Before Tax Margin,0.207569202654,0.1926,-0.2138,-0.0450533222251,-0.0136731776395,-0.0213739192052,0.0217759203745,-0.206611834225,0.108,0.0286
Net Profit Margin,0.16296084935,0.1144,-0.2577,-0.0401597201135,-0.00749276121927,-0.0128768176576,0.011849314057,-0.228950367687,0.0657,0.0145
