Date,2018-12-31,2017-12-31,2016-12-31,2015-12-31,2014-12-31,2013-12-31,2012-12-31,2011-12-31,2010-12-31,2009-12-31
Revenue,246737000.0,235789000.0,203441000.0,192419000.0,184500000.0,166624000.0,149861000.0,123212000.0,106659000.0,94005000.0
Revenue Growth,0.0464313432772521,0.159004330493853,0.057281245615038,0.0429214092140921,0.107283464566929,0.11185698747506,0.216285751387852,0.155195529678696,0.134609861177597,-0.152
Cost of Revenue,44986000.0,42290000.0,37576000.0,34729000.0,33157000.0,28336000.0,25056000.0,13324000.0,10965000.0,10244000.0
Gross Profit,201751000.0,193499000.0,165865000.0,157690000.0,151343000.0,138288000.0,124805000.0,109888000.0,95694000.0,83761000.0
R&D Expenses,33428000.0,37663000.0,28915000.0,21477000.0,20684000.0,19897000.0,18007000.0,16540000.0,15404000.0,14142000.0
SG&A Expense,130578000.0,138065000.0,107166000.0,90640000.0,73179000.0,61739000.0,54861000.0,50035000.0,42423000.0,38319000.0
Operating Expenses,177262000.0,179795000.0,139474000.0,115246000.0,99261000.0,87599000.0,78337000.0,71646000.0,62622000.0,57205000.0
Operating Income,24489000.0,13704000.0,26391000.0,42444000.0,52082000.0,50689000.0,46468000.0,38242000.0,33072000.0,26556000.0
Interest Expense,0.0,0.0,0.0,0.0,0.0,0.0,0.0,0.0,4421000.0,4496000.0
Earnings before Tax,21642000.0,6169000.0,25199000.0,40475000.0,49420000.0,47948000.0,27354000.0,34620000.0,26857000.0,20890000.0
Income Tax Expense,9369000.0,-5391000.0,10313000.0,14278000.0,16875000.0,16863000.0,15215000.0,11951000.0,8620000.0,7575000.0
Net Income - Non-Controlling int,0.0,0.0,0.0,0.0,0.0,0.0,0.0,0.0,123000.0,87000.0
Net Income - Discontinued ops,0.0,0.0,0.0,0.0,0.0,0.0,0.0,0.0,0.0,0.0
Net Income,12273000.0,11560000.0,14886000.0,26197000.0,32545000.0,31085000.0,28965000.0,22669000.0,18237000.0,13315000.0
Preferred Dividends,0.0,0.0,0.0,0.0,0.0,0.0,0.0,0.0,0.0,0.0
Net Income Com,12273000.0,11560000.0,14886000.0,26197000.0,32545000.0,31085000.0,28965000.0,22669000.0,18237000.0,13315000.0
EPS,0.29,0.27,0.37,0.66,0.83,0.81,0.78,0.63,0.52,0.39
EPS Diluted,0.29,0.27,0.36,0.65,0.81,0.78,0.76,0.61,0.51,0.38
Weighted Average Shs Out,40262717.0,39619133.0,39405700.0,38840094.0,38565368.0,37833817.0,36311835.0,35357630.0,34991446.0,34656356.0
Weighted Average Shs Out (Dil),40386896.0,39858248.0,39731923.0,39382566.0,39466717.0,39285651.0,37561953.0,36817379.0,34762919.0,34365544.0
Dividend per Share,0.479190081852,0.470442152901,0.441357947865,0.383824659876,0.29931549665,0.215243983102,0.0394548174851,0.0,0.0,0.0
Gross Margin,0.817676311214,0.820644728974,0.815297801328,0.81951366549,0.820287262873,0.829940464759,0.832805066028,0.891861182352,0.8972,0.891
EBITDA Margin,0.151789152012,0.111629465327,0.191161073727,0.27904728743,0.347853658537,0.380017284425,0.384409552852,0.390124338538,0.381,0.369
EBIT Margin,0.0992514296599,0.0581197596156,0.129723113827,0.220581127643,0.282287262873,0.304211878241,0.310074001908,0.310375612765,0.2933,0.27
Profit Margin,0.0497412224352,0.0490268842058,0.0731710913729,0.136145598927,0.176395663957,0.186557758786,0.193279105304,0.183983702886,0.171,0.142
Free Cash Flow margin,0.0777913324714,0.109805800949,0.187956213349,0.232445860336,0.290617886179,0.295347608988,0.32658263324,0.303444469695,0.4012,0.2896
EBITDA,37452000.0,26321000.0,38890000.0,53694000.0,64179000.0,63320000.0,57608000.0,48068000.0,40601000.0,34684000.0
EBIT,24489000.0,13704000.0,26391000.0,42444000.0,52082000.0,50689000.0,46468000.0,38242000.0,31278000.0,25386000.0
Consolidated Income,12273000.0,11560000.0,14886000.0,26197000.0,32545000.0,31085000.0,28965000.0,22669000.0,18360000.0,13402000.0
Earnings Before Tax Margin,0.0877128278288,0.0261632222029,0.123863921235,0.210348250433,0.267859078591,0.287761666987,0.182529143673,0.28097912541,0.2518,0.2222
Net Profit Margin,0.0497412224352,0.0490268842058,0.0731710913729,0.136145598927,0.176395663957,0.186557758786,0.193279105304,0.183983702886,0.171,0.1416
