Date,2018-12-31,2017-12-31,2016-12-31,2015-12-31,2014-12-31,2013-12-31,2012-12-31,2011-12-31,2010-12-31,2009-12-31
Revenue,351082000.0,330802000.0,356284000.0,289194000.0,298665000.0,323672000.0,302309000.0,0.0,180468000.0,208371000.0
Revenue Growth,0.0613055543799614,-0.0715215951319734,0.231989598677704,-0.0317111144593441,-0.077260312909365,0.0706661065333814,0.0,-1,-0.133910189037822,-0.2076
Cost of Revenue,319355000.0,314390000.0,300307000.0,65189000.0,71952000.0,58075000.0,186551000.0,0.0,139470000.0,145296000.0
Gross Profit,31727000.0,16412000.0,55977000.0,224005000.0,226713000.0,265597000.0,115758000.0,0.0,40998000.0,63075000.0
R&D Expenses,0.0,0.0,0.0,0.0,0.0,0.0,0.0,0.0,0.0,0.0
SG&A Expense,25023000.0,25630000.0,29276000.0,20768000.0,17703000.0,198821000.0,186551000.0,0.0,20642000.0,14212000.0
Operating Expenses,25023000.0,25630000.0,29276000.0,220465000.0,215862000.0,198821000.0,186551000.0,0.0,20642000.0,14212000.0
Operating Income,6314000.0,-9218000.0,26701000.0,68729000.0,82803000.0,124851000.0,115758000.0,0.0,20356000.0,48863000.0
Interest Expense,0.0,62895000.0,48557000.0,6880000.0,6783000.0,0.0,0.0,0.0,0.0,0.0
Earnings before Tax,-50073000.0,-72568000.0,-26609000.0,62053000.0,76121000.0,0.0,112275000.0,0.0,33332000.0,57893000.0
Income Tax Expense,-46000.0,220000.0,329000.0,11000.0,-28000.0,108000.0,52000.0,0.0,26000.0,15000.0
Net Income - Non-Controlling int,0.0,0.0,0.0,0.0,0.0,0.0,0.0,0.0,0.0,0.0
Net Income - Discontinued ops,0.0,0.0,0.0,0.0,0.0,0.0,0.0,0.0,0.0,0.0
Net Income,-50027000.0,-72788000.0,-26938000.0,62042000.0,76149000.0,118616000.0,112223000.0,0.0,33306000.0,57878000.0
Preferred Dividends,0.0,0.0,0.0,0.0,0.0,0.0,0.0,0.0,0.0,0.0
Net Income Com,-50027000.0,-72788000.0,-26938000.0,62042000.0,76149000.0,118616000.0,112223000.0,0.0,33306000.0,57878000.0
EPS,-0.44,-0.64,-0.26,0.85,1.04,1.62,1.54,0.0,,
EPS Diluted,-0.44,-0.64,-0.26,0.85,1.04,1.62,1.53,0.0,,
Weighted Average Shs Out,113283000.0,113283000.0,103299000.0,73123000.0,73115000.0,73072000.0,73039000.0,0.0,73000000.0,
Weighted Average Shs Out (Dil),113283000.0,113283000.0,103299000.0,73131000.0,73139000.0,73228000.0,73193000.0,0.0,73000000.0,
Dividend per Share,0.0,0.0,0.0,0.0,0.0,0.0,0.0,0.0,0.0,0.0
Gross Margin,0.0903692014971,0.0496127592941,0.157113426368,0.774583843372,0.759087941339,0.820574532243,0.382912847451,0.0,0.2272,0.3027
EBITDA Margin,0.231347662369,0.204998760588,0.24683398637,0.339374260877,0.371707431403,0.467735856052,0.454650705073,0.0,0.287,0.368
EBIT Margin,0.0179844025043,-0.0278656114534,0.0749430229817,0.23765707449,0.277243734619,0.385733087817,0.382912847451,0.0,0.1847,0.2778
Profit Margin,-0.142493776383,-0.220034945375,-0.0756082226538,0.214534188123,0.254964592436,0.36646975951,0.371219513809,0.0,0.185,0.278
Free Cash Flow margin,0.0353991375234,-0.012563406509,0.0610131243615,0.21230730928,0.327463880937,0.263399367261,0.169846084635,0.0,0.365,0.3462
EBITDA,81222000.0,67814000.0,87943000.0,98145000.0,111016000.0,151393000.0,137445000.0,0.0,51795000.0,76578000.0
EBIT,6314000.0,-9218000.0,26701000.0,68729000.0,82803000.0,124851000.0,115758000.0,0.0,33332000.0,57893000.0
Consolidated Income,-50027000.0,-72788000.0,-26938000.0,62042000.0,76149000.0,118616000.0,112223000.0,0.0,33306000.0,57878000.0
Earnings Before Tax Margin,-0.142624799904,-0.219369894982,-0.0746848020119,0.214572224873,0.254870841913,0.0,0.371391523243,0.0,0.1847,0.2778
Net Profit Margin,-0.142493776383,-0.220034945375,-0.0756082226538,0.214534188123,0.254964592436,0.36646975951,0.371219513809,0.0,0.1846,0.2778
