Date,2018-12-31,2017-12-31,2016-12-31,2015-12-31,2014-12-31,2013-12-31,2012-12-31,2011-12-31,2010-12-31,2009-12-31
Revenue,5168000.0,162981000.0,110893000.0,99599000.0,116582000.0,87821000.0,0.0,0.0,0.0,253376000.0
Revenue Growth,-0.968290782361134,0.469714048677554,0.113394712798321,-0.145674289341408,0.3274957014837,0.0,0.0,0.0,-1,-0.1409
Cost of Revenue,0.0,0.0,0.0,0.0,0.0,0.0,0.0,0.0,0.0,0.0
Gross Profit,0.0,0.0,0.0,0.0,0.0,0.0,0.0,0.0,0.0,253376000.0
R&D Expenses,0.0,0.0,0.0,0.0,0.0,0.0,0.0,0.0,0.0,0.0
SG&A Expense,0.0,0.0,0.0,0.0,0.0,0.0,0.0,0.0,0.0,157265000.0
Operating Expenses,37214000.0,71653000.0,40180000.0,30016000.0,24043000.0,20595000.0,20879000.0,20431000.0,0.0,175127000.0
Operating Income,327165000.0,284827000.0,222658000.0,203489000.0,129888000.0,85628000.0,121481000.0,110376000.0,104404000.0,78249000.0
Interest Expense,129070000.0,74809000.0,45010000.0,39506000.0,42834000.0,36313000.0,46190000.0,55794000.0,85196000.0,0.0
Earnings before Tax,327165000.0,284827000.0,222658000.0,203489000.0,93871000.0,67935000.0,121481000.0,110376000.0,104404000.0,78249000.0
Income Tax Expense,70823000.0,134246000.0,75575000.0,65530000.0,64998000.0,39416000.0,38874000.0,34766000.0,32457000.0,10951000.0
Net Income - Non-Controlling int,0.0,0.0,0.0,0.0,0.0,0.0,0.0,0.0,0.0,0.0
Net Income - Discontinued ops,0.0,0.0,0.0,0.0,0.0,0.0,0.0,0.0,0.0,0.0
Net Income,256342000.0,150581000.0,147083000.0,137959000.0,129888000.0,85628000.0,82607000.0,75610000.0,71947000.0,67298000.0
Preferred Dividends,0.0,0.0,0.0,0.0,0.0,0.0,0.0,0.0,0.0,0.0
Net Income Com,256342000.0,150581000.0,147083000.0,137959000.0,129888000.0,85628000.0,82607000.0,75610000.0,71947000.0,67298000.0
EPS,2.46,1.54,2.0,1.99,1.93,1.7,1.64,1.62,1.65,1.55
EPS Diluted,2.45,1.54,1.99,1.98,1.92,1.7,1.64,1.61,1.65,1.55
Weighted Average Shs Out,104015976.0,97502633.0,73531992.0,69334849.0,67404254.0,50353452.0,50265620.0,46803432.0,43547965.0,43423111.0
Weighted Average Shs Out (Dil),104298825.0,97890078.0,73893127.0,69625531.0,67648673.0,50426078.0,50298019.0,46837363.0,43625183.0,43410431.0
Dividend per Share,1.36482841489,1.23969663197,1.30392370592,1.27631342589,1.21947698811,1.23812920767,1.23927345926,1.16027027397,1.19786317,1.17
Gross Margin,0.0,0.0,0.0,0.0,0.0,0.0,0.0,0.0,0.0,1.0
EBITDA Margin,59.7271671827,1.63558942453,1.97572434689,2.09454914206,1.13134103035,1.15463271883,0.0,0.0,0.0,0.336
EBIT Margin,63.3059210526,1.74760861696,2.00786343592,2.04308276188,1.11413425743,0.975028751665,0.0,0.0,0.0,0.3088
Profit Margin,49.6017801858,0.923917511857,1.32635062628,1.38514442916,1.11413425743,0.975028751665,0.0,0.0,0.0,0.266
Free Cash Flow margin,55.4870356037,1.46993207797,1.43791763231,1.7372463579,1.16578030914,1.55092745471,0.0,0.0,0.0,0.1922
EBITDA,308670000.0,266570000.0,219094000.0,208615000.0,131894000.0,101401000.0,134771000.0,116804000.0,112659000.0,85072000.0
EBIT,327165000.0,284827000.0,222658000.0,203489000.0,129888000.0,85628000.0,121481000.0,110376000.0,104404000.0,78249000.0
Consolidated Income,256342000.0,150581000.0,147083000.0,137959000.0,129888000.0,85628000.0,82607000.0,75610000.0,71947000.0,67298000.0
Earnings Before Tax Margin,63.3059210526,1.74760861696,2.00786343592,2.04308276188,0.805192911427,0.773562132064,0.0,0.0,0.0,0.3088
Net Profit Margin,49.6017801858,0.923917511857,1.32635062628,1.38514442916,1.11413425743,0.975028751665,0.0,0.0,0.0,0.2656
