Date,2018-12-31,2017-12-31,2016-12-31,2015-12-31,2014-12-31,2013-12-31,2012-12-31,2011-12-31,2010-12-31,2009-12-31
Revenue,13769401.0,12968205.0,10776867.0,14006244.0,13449679.0,15416893.0,13825764.0,14338512.0,13723074.0,13276984.0
Revenue Growth,0.0617815649891407,0.203337203660396,-0.230566952853313,0.0413812850105939,-0.127601196946752,0.115084345429301,-0.0357601960370783,0.0448469490144847,0.0335987450161874,0.0801
Cost of Revenue,5667295.0,5301352.0,4882644.0,5202158.0,5317707.0,5610813.0,5218959.0,5650160.0,5250121.0,5324257.0
Gross Profit,8102106.0,7666853.0,5894223.0,8804086.0,8131972.0,9806080.0,8606805.0,8688352.0,8472953.0,7952727.0
R&D Expenses,399517.0,646079.0,651828.0,648211.0,730000.0,717000.0,693000.0,0.0,0.0,0.0
SG&A Expense,0.0,0.0,0.0,0.0,0.0,0.0,0.0,0.0,2567395.0,2608478.0
Operating Expenses,2522263.0,2431239.0,2504661.0,2510501.0,2640997.0,2504526.0,2508334.0,2552790.0,3415139.0,2608478.0
Operating Income,5579843.0,5235614.0,3389562.0,6293585.0,5490975.0,7301554.0,6098471.0,6135562.0,5057814.0,5344249.0
Interest Expense,0.0,0.0,0.0,0.0,0.0,0.0,0.0,0.0,0.0,0.0
Earnings before Tax,5465854.0,5550779.0,3696067.0,6625411.0,5754970.0,8631862.0,6926677.0,6871647.0,5513600.0,5739930.0
Income Tax Expense,1113523.0,1706489.0,1114925.0,2018482.0,1704554.0,2728553.0,2095897.0,2155117.0,1713908.0,1860967.0
Net Income - Non-Controlling int,0.0,0.0,0.0,0.0,0.0,0.0,0.0,0.0,0.0,0.0
Net Income - Discontinued ops,0.0,0.0,0.0,0.0,0.0,0.0,0.0,0.0,0.0,0.0
Net Income,4352331.0,3844290.0,2581142.0,4606929.0,4050416.0,5903309.0,4830780.0,4716530.0,3799692.0,3878963.0
Preferred Dividends,0.0,0.0,0.0,0.0,0.0,0.0,0.0,0.0,0.0,0.0
Net Income Com,4352331.0,3844290.0,2581142.0,4606929.0,4050416.0,5903309.0,4830780.0,4716530.0,3799692.0,3878963.0
EPS,0.95,0.84,0.56,1.0,0.88,1.28,1.05,1.03,0.8,0.78
EPS Diluted,0.95,0.84,0.56,1.0,0.88,1.28,1.05,1.03,0.8,0.78
Weighted Average Shs Out,4594319.0,4594319.0,4594319.0,4594319.0,4596439.0,4596439.0,4596439.0,4596439.0,4596439.0,4946439.0
Weighted Average Shs Out (Dil),4594319.0,4594319.0,4594319.0,4594319.0,4596439.0,4596439.0,4596439.0,4596439.0,4738357.0,4946439.0
Dividend per Share,1.04830313263,1.416368563,0.748068865048,0.998943260144,0.799999956488,0.969999601866,1.36000020886,0.799999956488,0.63,0.6
Gross Margin,0.588413831509,0.591203871314,0.546932888751,0.628582937724,0.604622013655,0.636060715995,0.622519305262,0.605945163626,0.6174,0.599
EBITDA Margin,0.41917473389,0.419201500902,0.331877251524,0.461727569504,0.421732221267,0.485913925718,0.459498079093,0.445732792915,0.419,0.446
EBIT Margin,0.405234984441,0.403726961441,0.314522022031,0.449341379459,0.408260672987,0.473607360445,0.441094683809,0.427907861011,0.4018,0.4323
Profit Margin,0.316087170386,0.296439638331,0.239507641692,0.328919658975,0.301153358381,0.382911718983,0.349404199291,0.328941385271,0.277,0.292
Free Cash Flow margin,0.354076332006,0.304910201528,0.19706608609,0.366793481536,0.329090530711,0.357835979013,0.370930026001,0.290300974048,0.2652,0.3165
EBITDA,5771785.0,5436291.0,3576597.0,6467069.0,5672163.0,7491283.0,6352912.0,6391145.0,5743377.0,5918621.0
EBIT,5579843.0,5235614.0,3389562.0,6293585.0,5490975.0,7301554.0,6098471.0,6135562.0,5513600.0,5739930.0
Consolidated Income,4352331.0,3844290.0,2581142.0,4606929.0,4050416.0,5903309.0,4830780.0,4716530.0,3799692.0,3878963.0
Earnings Before Tax Margin,0.396956556062,0.428029862267,0.342963033691,0.473032670286,0.427889022482,0.559896342279,0.500997774879,0.479244080557,0.4018,0.4323
Net Profit Margin,0.316087170386,0.296439638331,0.239507641692,0.328919658975,0.301153358381,0.382911718983,0.349404199291,0.328941385271,0.2769,0.2922
