Date,2018-12-31,2017-12-31,2016-12-31,2015-12-31,2014-12-31,2013-12-31,2012-12-31,2011-12-31,2010-12-31,2009-12-31
Revenue,10772278000.0,10409865000.0,9766210000.0,9043451000.0,8065326000.0,7283822000.0,6961400000.0,7500198000.0,5568185000.0,5202379000.0
Revenue Growth,0.0348143803978246,0.0659063239475702,0.0799207072609781,0.121275321047159,0.107293121660579,0.0463156836268567,-0.0718378368144414,0.346973564994698,0.0703151385164364,0.0358
Cost of Revenue,0.0,0.0,0.0,0.0,0.0,0.0,0.0,0.0,0.0,0.0
Gross Profit,0.0,0.0,0.0,0.0,0.0,0.0,0.0,0.0,0.0,5202379000.0
R&D Expenses,0.0,0.0,0.0,0.0,0.0,0.0,0.0,0.0,0.0,0.0
SG&A Expense,5254536000.0,4980637000.0,4585530000.0,4212387000.0,3845461000.0,3604620000.0,3440917000.0,3394967000.0,2423102000.0,2204422000.0
Operating Expenses,9597016000.0,9129687000.0,8484799000.0,7784056000.0,7002021000.0,6268359000.0,6018819000.0,6603070000.0,2423102000.0,4681847000.0
Operating Income,1175262000.0,1280178000.0,1281411000.0,1259395000.0,1063305000.0,1015463000.0,942581000.0,897128000.0,505697000.0,520532000.0
Interest Expense,154956000.0,145169000.0,125053000.0,113494000.0,133638000.0,146131000.0,178918000.0,200792000.0,77600000.0,45810000.0
Earnings before Tax,1034525000.0,803906000.0,744883000.0,1145901000.0,557113000.0,541273000.0,763663000.0,696336000.0,428097000.0,430848000.0
Income Tax Expense,236642000.0,363697000.0,409187000.0,395203000.0,324671000.0,315309000.0,274616000.0,247466000.0,152302000.0,170475000.0
Net Income - Non-Controlling int,0.0,0.0,0.0,0.0,0.0,0.0,0.0,0.0,0.0,43874000.0
Net Income - Discontinued ops,0.0,0.0,0.0,0.0,0.0,0.0,0.0,0.0,0.0,0.0
Net Income,779705000.0,752303000.0,702409000.0,680528000.0,545343000.0,510733000.0,443446000.0,398167000.0,230183000.0,260373000.0
Preferred Dividends,0.0,0.0,0.0,0.0,0.0,0.0,0.0,0.0,0.0,0.0
Net Income Com,779705000.0,752303000.0,702409000.0,680528000.0,545343000.0,510733000.0,443446000.0,398167000.0,230183000.0,260373000.0
EPS,8.35,7.86,7.22,6.89,5.52,5.21,4.57,4.09,0.0,2.65
EPS Diluted,8.31,7.81,7.14,6.76,5.42,5.14,4.53,4.04,0.0,2.64
Weighted Average Shs Out,93276000.0,95652000.0,97208000.0,98797000.0,98826000.0,98033000.0,96821000.0,97199000.0,96786000.0,98400754.0
Weighted Average Shs Out (Dil),93750000.0,96325000.0,98380000.0,100694000.0,100544000.0,99361000.0,97711000.0,98537000.0,97973000.0,97794000.0
Dividend per Share,0.398314666667,0.396688294835,0.395151453547,0.392595388007,0.295044955442,0.19747184509,0.59762974486,0.197550158824,0.198238290141,0.17
Gross Margin,0.0,0.0,0.0,0.0,0.0,0.0,0.0,0.0,0.0,1.0
EBITDA Margin,0.151160042472,0.166002248828,0.173866730287,0.183338528621,0.178409279427,0.185729277843,0.179744160657,0.15906100079,0.13104701083,0.131
EBIT Margin,0.109100600634,0.122977387315,0.131208626478,0.139260443828,0.131836580443,0.139413483745,0.135401068751,0.119613908859,0.0908190011647,0.0916
Profit Margin,0.0723806979359,0.0722682762937,0.0719223731622,0.0752509191458,0.0676157417567,0.0701188194879,0.0637006923895,0.0530875318225,0.0413389641328,0.05
Free Cash Flow margin,0.121111801979,0.110811619555,0.129732926079,0.112888099908,0.0799379963067,0.0721802372436,0.0649408165024,0.057674344064,0.0470656057584,0.031
EBITDA,1628338000.0,1728061000.0,1698019000.0,1658013000.0,1438929000.0,1352819000.0,1251271000.0,1192989000.0,729694000.0,681361000.0
EBIT,1175262000.0,1280178000.0,1281411000.0,1259395000.0,1063305000.0,1015463000.0,942581000.0,897128000.0,505697000.0,476658000.0
Consolidated Income,779705000.0,752303000.0,702409000.0,680528000.0,545343000.0,510733000.0,443446000.0,398167000.0,230183000.0,304247000.0
Earnings Before Tax Margin,0.0960358616813,0.0772254010979,0.076271450235,0.12671058869,0.0690750752046,0.0743116731848,0.109699629385,0.092842348962,0.0768826825977,0.0828
Net Profit Margin,0.0723806979359,0.0722682762937,0.0719223731622,0.0752509191458,0.0676157417567,0.0701188194879,0.0637006923895,0.0530875318225,0.0413389641328,0.05
