Date,2018-12-31,2017-12-31,2016-12-31,2015-12-31,2014-12-31,2013-12-31,2012-12-31,2011-12-31,2010-12-31,2009-12-31
Revenue,5879000.0,5580000.0,5090000.0,5125000.0,5002000.0,4743000.0,4804000.0,0.0,23919000.0,23043684.0
Revenue Growth,0.053584229390681,0.0962671905697446,-0.00682926829268293,0.0245901639344262,0.05460678895214,-0.0126977518734388,0.0,-1,0.0379850721785631,0.0699
Cost of Revenue,0.0,0.0,0.0,0.0,0.0,0.0,0.0,0.0,0.0,0.0
Gross Profit,0.0,0.0,0.0,0.0,0.0,0.0,0.0,0.0,23919000.0,23043684.0
R&D Expenses,0.0,0.0,0.0,0.0,0.0,0.0,0.0,0.0,0.0,0.0
SG&A Expense,0.0,0.0,0.0,0.0,0.0,0.0,0.0,0.0,14831000.0,14366533.0
Operating Expenses,0.0,0.0,0.0,0.0,0.0,0.0,0.0,0.0,16204000.0,15971203.0
Operating Income,8259000.0,12052000.0,10544000.0,10057000.0,9667000.0,8997000.0,8507000.0,6338000.0,7715000.0,7072481.0
Interest Expense,3581000.0,2255000.0,2061000.0,2025000.0,2155000.0,2459000.0,3351000.0,3908000.0,0.0,0.0
Earnings before Tax,8259000.0,12052000.0,10544000.0,10057000.0,9667000.0,8997000.0,8507000.0,6338000.0,7289000.0,6646511.0
Income Tax Expense,1187000.0,3603000.0,2033000.0,2179000.0,1973000.0,1862000.0,1663000.0,1119000.0,1702000.0,1419943.0
Net Income - Non-Controlling int,0.0,0.0,0.0,0.0,0.0,0.0,0.0,0.0,0.0,0.0
Net Income - Discontinued ops,0.0,0.0,0.0,0.0,0.0,0.0,0.0,0.0,0.0,0.0
Net Income,7072000.0,8449000.0,8511000.0,7878000.0,7694000.0,7135000.0,6844000.0,5219000.0,5587000.0,5226568.0
Preferred Dividends,0.0,0.0,0.0,0.0,0.0,0.0,0.0,0.0,0.0,0.0
Net Income Com,7072000.0,8449000.0,8511000.0,7878000.0,7694000.0,7135000.0,6844000.0,5219000.0,5587000.0,5226568.0
EPS,1.58,1.89,1.91,1.77,1.73,1.6,1.54,1.17,1.25,1.17
EPS Diluted,1.58,1.89,1.91,1.77,1.73,1.6,1.54,1.17,1.25,1.17
Weighted Average Shs Out,4465675.0,4462192.0,4459001.0,4458037.0,4458393.0,4457261.0,4457029.0,0.0,4455704.0,4461208.0
Weighted Average Shs Out (Dil),4465675.0,4462192.0,4459001.0,4458037.0,4458393.0,4457261.0,4457029.0,0.0,4455704.0,4461208.0
Dividend per Share,1.19310070706,1.15436538813,1.10764720618,1.08029610342,1.04006084704,1.0100373301,0.999993493424,0.0,1.0,1.03
Gross Margin,0.0,0.0,0.0,0.0,0.0,0.0,0.0,0.0,1.0,1.0
EBITDA Margin,1.65062085389,2.30770609319,2.24990176817,2.13346341463,2.10395841663,2.10626185958,1.98168193172,0.0,0.332,0.319
EBIT Margin,1.40483075353,2.15985663082,2.07151277014,1.96234146341,1.93262694922,1.89690069576,1.77081598668,0.0,0.3047,0.2884
Profit Margin,1.20292566763,1.51415770609,1.6721021611,1.53717073171,1.53818472611,1.50432215897,1.42464612823,0.0,0.234,0.227
Free Cash Flow margin,2.32879741453,1.4123655914,1.121021611,2.11531707317,0.00679728108756,3.48450347881,0.302664446295,0.0,0.4332,-0.1631
EBITDA,9704000.0,12877000.0,11452000.0,10934000.0,10524000.0,9990000.0,9520000.0,7078000.0,7949000.0,7360170.0
EBIT,8259000.0,12052000.0,10544000.0,10057000.0,9667000.0,8997000.0,8507000.0,6338000.0,7289000.0,6646511.0
Consolidated Income,7072000.0,8449000.0,8511000.0,7878000.0,7694000.0,7135000.0,6844000.0,5219000.0,5587000.0,5226568.0
Earnings Before Tax Margin,1.40483075353,2.15985663082,2.07151277014,1.96234146341,1.93262694922,1.89690069576,1.77081598668,0.0,0.3047,0.2884
Net Profit Margin,1.20292566763,1.51415770609,1.6721021611,1.53717073171,1.53818472611,1.50432215897,1.42464612823,0.0,0.2336,0.2268
