Date,2018-12-31,2017-12-31,2016-12-31,2015-12-31,2014-12-31,2013-12-31,2012-12-31,2011-12-31,2010-12-31,2009-12-31
Revenue,23496000.0,38368000.0,27305000.0,41877000.0,29349000.0,7616000.0,0.0,0.0,0.0,0.0
Revenue Growth,-0.387614678899083,0.405163889397546,-0.347971440170022,0.426862925482981,2.85359768907563,0.0,0.0,0.0,0.0,0.0
Cost of Revenue,12203000.0,24401000.0,15848000.0,29292000.0,17858000.0,3096000.0,0.0,0.0,0.0,0.0
Gross Profit,11293000.0,13967000.0,11457000.0,12585000.0,11491000.0,4520000.0,0.0,0.0,0.0,0.0
R&D Expenses,1654000.0,4340000.0,2886000.0,5358000.0,7672000.0,18465000.0,12264000.0,8895000.0,9974290.0,11875530.0
SG&A Expense,5393000.0,5090000.0,4740000.0,5715000.0,6541000.0,5592000.0,6107000.0,7585000.0,4883212.0,5430480.0
Operating Expenses,7047000.0,9430000.0,7626000.0,11073000.0,14213000.0,24057000.0,17416000.0,16480000.0,15238754.0,17408449.0
Operating Income,1307000.0,1387000.0,271000.0,-1856000.0,-6979000.0,-23352000.0,-17416000.0,-16480000.0,-15238754.0,-17408449.0
Interest Expense,0.0,0.0,0.0,0.0,0.0,0.0,-307000.0,-243000.0,0.0,0.0
Earnings before Tax,4534000.0,76000.0,-3027000.0,-4110000.0,-8710000.0,-30353000.0,-17558000.0,-16443000.0,-16418088.0,-19101263.0
Income Tax Expense,0.0,0.0,-17000.0,-3315000.0,0.0,0.0,0.0,0.0,0.0,77055.0
Net Income - Non-Controlling int,0.0,0.0,0.0,0.0,0.0,0.0,0.0,0.0,0.0,0.0
Net Income - Discontinued ops,0.0,0.0,0.0,0.0,0.0,0.0,0.0,0.0,0.0,0.0
Net Income,4534000.0,76000.0,-3010000.0,-795000.0,-8749000.0,-30353000.0,-17558000.0,-16443000.0,-16418088.0,-19178318.0
Preferred Dividends,0.0,0.0,0.0,0.0,0.0,0.0,0.0,0.0,0.0,0.0
Net Income Com,4534000.0,76000.0,-3010000.0,-795000.0,-8749000.0,-30353000.0,-17558000.0,-16443000.0,-16418088.0,-19178318.0
EPS,0.03,0.0,-0.02,-0.01,-0.07,-0.25,-0.15,-0.16,-0.17,-0.2
EPS Diluted,0.03,0.0,-0.02,-0.01,-0.07,-0.25,-0.15,-0.16,-0.17,-0.2
Weighted Average Shs Out,150034566.0,145818394.0,141999537.0,130056932.0,128781215.0,122231993.0,103675444.0,101998012.0,101998012.0,101998012.0
Weighted Average Shs Out (Dil),151598180.0,147533966.0,141999537.0,130056932.0,128781215.0,122231993.0,118521509.0,103467475.0,97341702.0,93857257.0
Dividend per Share,0.0,0.0,0.0,0.0,0.0,0.0,0.0,0.0,0.0,0.0
Gross Margin,0.480635001702,0.364027314429,0.419593481047,0.300522960097,0.391529524004,0.593487394958,0.0,0.0,0.0,0.0
EBITDA Margin,0.214121552605,0.166727481234,0.20388207288,0.11521837763,0.022624280214,-2.99566701681,,,,
EBIT Margin,0.0556264896153,0.0361499165972,0.00992492217543,-0.0443202712706,-0.237793451225,-3.06617647059,0.0,0.0,0.0,0.0
Profit Margin,0.192969016003,0.00198081734779,-0.110236220472,-0.0189841679203,-0.298102149988,-3.98542542017,,,,
Free Cash Flow margin,-0.230592441267,0.141915137615,0.111225050357,0.126393963273,0.0511431394596,-6.79621848739,0.0,0.0,0.0,0.0
EBITDA,5031000.0,6397000.0,5567000.0,4825000.0,664000.0,-22815000.0,-17335000.0,-16205000.0,-15892047.0,-18574712.0
EBIT,1307000.0,1387000.0,271000.0,-1856000.0,-6979000.0,-23352000.0,-17865000.0,-16686000.0,-16418088.0,-19101263.0
Consolidated Income,4534000.0,76000.0,-3010000.0,-795000.0,-8749000.0,-30353000.0,-17558000.0,-16443000.0,-16418088.0,-19178318.0
Earnings Before Tax Margin,0.192969016003,0.00198081734779,-0.110858817066,-0.0981445662297,-0.296773314253,-3.98542542017,0.0,0.0,0.0,0.0
Net Profit Margin,0.192969016003,0.00198081734779,-0.110236220472,-0.0189841679203,-0.298102149988,-3.98542542017,0.0,0.0,0.0,0.0
