Date,2018-12-31,2017-12-31,2016-12-31,2015-12-31,2014-12-31,2013-12-31,2012-12-31,2011-12-31,2010-12-31,2009-12-31
Revenue,584352000.0,280222000.0,265921000.0,270545000.0,221509000.0,152918000.0,118787000.0,98720000.0,92028171.0,95227672.0
Revenue Growth,1.0853180692451,0.0537791298919604,-0.0170914265648968,0.221372495022776,0.448547587595966,0.2873294215697,0.20327188006483,0.0727150059300863,-0.0335984376474099,
Cost of Revenue,214724000.0,92591000.0,88161000.0,365200000.0,74035000.0,48097000.0,37796000.0,39605000.0,33291543.0,30095377.0
Gross Profit,369628000.0,187631000.0,177760000.0,-94655000.0,147474000.0,104821000.0,80991000.0,59115000.0,58736628.0,65132295.0
R&D Expenses,0.0,0.0,0.0,0.0,0.0,0.0,0.0,0.0,0.0,0.0
SG&A Expense,68995000.0,47483000.0,44483000.0,40950000.0,38718000.0,27587000.0,18269000.0,12726000.0,11369996.0,9136298.0
Operating Expenses,519041000.0,243142000.0,231513000.0,40950000.0,183942000.0,129088000.0,60415000.0,45942000.0,35849520.0,33696256.0
Operating Income,65311000.0,37080000.0,34408000.0,-135605000.0,37567000.0,23830000.0,20576000.0,13173000.0,22887108.0,31436039.0
Interest Expense,78377000.0,25129000.0,21087000.0,17605000.0,12529000.0,12488000.0,15905000.0,12970000.0,12279162.0,10042680.0
Earnings before Tax,-13025000.0,11978000.0,13356000.0,-153188000.0,25049000.0,11351000.0,4699000.0,224000.0,10634637.0,21417902.0
Income Tax Expense,-2474000.0,538000.0,421000.0,1085000.0,103000.0,280000.0,196000.0,155000.0,155179.0,190164.0
Net Income - Non-Controlling int,0.0,0.0,0.0,0.0,0.0,0.0,0.0,0.0,0.0,0.0
Net Income - Discontinued ops,0.0,0.0,0.0,0.0,0.0,0.0,0.0,0.0,0.0,0.0
Net Income,-10551000.0,11440000.0,13356000.0,-153188000.0,25049000.0,11351000.0,4503000.0,69000.0,10479458.0,21227738.0
Preferred Dividends,0.0,1493000.0,1364000.0,-1477000.0,760000.0,211000.0,0.0,0.0,104795.0,212277.0
Net Income Com,-10551000.0,11440000.0,13356000.0,-153188000.0,25049000.0,11351000.0,4503000.0,69000.0,10479458.0,21227738.0
EPS,-0.43,0.16,0.27,-3.15,0.6,0.32,0.0,0.0,,
EPS Diluted,-0.43,0.16,0.27,-3.15,0.6,0.32,0.0,0.0,,
Weighted Average Shs Out,74481000.0,61555000.0,53043.0,34109547.0,28087498.0,18043075.0,29097176.0,,,
Weighted Average Shs Out (Dil),74481000.0,61555000.0,53043.0,34109547.0,28087498.0,18043075.0,29097176.0,,,
Dividend per Share,0.0,0.0,0.0,0.0,0.0,0.0,0.0,0.0,0.0,0.0
Gross Margin,0.6325433985,0.669579833132,0.66846920702,-0.349867859321,0.665769788135,0.685471952288,0.6818,0.5988,0.6382,0.684
EBITDA Margin,0.486150470949,0.491999200634,0.484553683237,-0.179877654364,0.496354549928,0.516217842242,0.526,0.465,0.516,0.571
EBIT Margin,0.111766537977,0.132323657671,0.129391811854,-0.501229000721,0.169595817777,0.155835153481,0.1735,0.1337,0.249,0.3304
Profit Margin,-0.018055897815,0.040824774643,0.0502254428947,-0.566220037332,0.113083441305,0.0742293255209,0.038,0.001,0.114,0.223
Free Cash Flow margin,-0.0688386452002,0.066932646259,0.197265353244,-0.604886432941,-1.26429174435,-0.597424763599,-1.1501,-1.0804,0.2152,0.1699
EBITDA,284083000.0,137869000.0,128853000.0,-48665000.0,109947000.0,78939000.0,62484000.0,45932000.0,47483122.0,54417611.0
EBIT,65311000.0,37080000.0,34408000.0,-135605000.0,37567000.0,23830000.0,20604000.0,13194000.0,22913799.0,31460582.0
Consolidated Income,-10551000.0,11440000.0,13356000.0,-153188000.0,25049000.0,11351000.0,4503000.0,69000.0,10479458.0,21227738.0
Earnings Before Tax Margin,-0.0222896473359,0.0427446810029,0.0502254428947,-0.566220037332,0.113083441305,0.0742293255209,0.0396,0.0023,0.1156,0.2249
Net Profit Margin,-0.018055897815,0.040824774643,0.0502254428947,-0.566220037332,0.113083441305,0.0742293255209,0.0379,0.0007,0.1139,0.2229
