Date,2019-04-30,2018-04-30,2017-04-30,2016-04-30,2015-04-30,2014-04-30,2013-04-30,2012-04-30,2011-04-30,2010-04-30
Revenue,2000000.0,2000000.0,17402000.0,25182000.0,28258000.0,30399000.0,27616000.0,0.0,46847000.0,44020000.0
Revenue Growth,0,-0.885070681530859,-0.308950837900087,-0.108854129803949,-0.0704299483535643,0.100774913093859,0.0,-1,0.0642208087233076,0.6998
Cost of Revenue,0.0,0.0,19169000.0,26422000.0,31007000.0,32720000.0,31895000.0,0.0,35777000.0,32408000.0
Gross Profit,0.0,0.0,-1767000.0,-1240000.0,-2749000.0,-2321000.0,-4279000.0,0.0,11070000.0,11612000.0
R&D Expenses,2584417.0,2476289.0,0.0,0.0,0.0,0.0,0.0,0.0,2927000.0,5262000.0
SG&A Expense,576227.0,706760.0,4516000.0,5767000.0,6171000.0,7181000.0,8700000.0,0.0,12371000.0,13365000.0
Operating Expenses,7611205.0,8262569.0,4516000.0,5767000.0,6171000.0,7181000.0,8700000.0,0.0,15298000.0,18627000.0
Operating Income,-7611205.0,-8262569.0,-1767000.0,-1240000.0,-2749000.0,-2321000.0,-4279000.0,0.0,-4228000.0,-7015000.0
Interest Expense,0.0,0.0,0.0,199000.0,1001000.0,306000.0,311000.0,0.0,286000.0,54000.0
Earnings before Tax,-8046550.0,-7827340.0,-1915000.0,-1408000.0,-3826000.0,-2609000.0,-4620000.0,0.0,-4629000.0,-7132000.0
Income Tax Expense,435345.0,-435345.0,0.0,-3000.0,3000.0,0.0,5000.0,0.0,5000.0,3611000.0
Net Income - Non-Controlling int,0.0,0.0,0.0,0.0,0.0,0.0,0.0,0.0,0.0,0.0
Net Income - Discontinued ops,0.0,0.0,0.0,0.0,0.0,0.0,0.0,0.0,0.0,0.0
Net Income,-8046550.0,-13658495.0,-2459000.0,-1343000.0,-5588000.0,-2609000.0,-4625000.0,0.0,-4634000.0,-10743000.0
Preferred Dividends,0.0,0.0,544000.0,122000.0,1759000.0,0.0,0.0,0.0,0.0,0.0
Net Income Com,-8046550.0,-13658495.0,-2459000.0,-1343000.0,-5588000.0,-2609000.0,-4625000.0,0.0,-4634000.0,-10743000.0
EPS,-0.44,-1.14,-2.7,-0.82,-2.2,-1.3,-2.6,0.0,-37.32,-87.12
EPS Diluted,-0.44,-1.14,-2.7,-0.82,-2.2,-1.3,-2.6,0.0,-37.32,-87.12
Weighted Average Shs Out,18471556.0,13372264.0,910132.0,1648287.0,2538511.0,1999856.0,1776796.0,0.0,124004.0,123865.0
Weighted Average Shs Out (Dil),18471556.0,13372264.0,910132.0,1648287.0,2538511.0,1999856.0,1776796.0,0.0,124004.0,123865.0
Dividend per Share,0.0,0.0,0.0,0.0,0.0,0.0,0.0,0.0,0.0,0.0
Gross Margin,0.0,0.0,-0.101540052867,-0.0492415217219,-0.0972821855758,-0.076351195763,-0.154946407879,0.0,0.2363,0.2638
EBITDA Margin,-3.779498,-3.9876095,-0.0965406275141,-0.0440393932174,-0.0662467265907,-0.0664824500806,-0.138904982619,0.0,,
EBIT Margin,-3.8056025,-4.1312845,-0.101540052867,-0.0492415217219,-0.0972821855758,-0.076351195763,-0.154946407879,0.0,-0.0927,-0.1608
Profit Margin,-4.023275,-6.8292475,-0.141305597058,-0.0533317448971,-0.19774930993,-0.0858251916181,-0.167475376593,0.0,,
Free Cash Flow margin,-2.834447,-3.4931965,-0.0125272957131,-0.0202525613533,-0.0923632245736,-0.051120102635,-0.140787949015,0.0,-0.0937,-0.2135
EBITDA,-7558996.0,-7975219.0,-1680000.0,-1109000.0,-1872000.0,-2021000.0,-3836000.0,0.0,-3304000.0,-5885000.0
EBIT,-7611205.0,-8262569.0,-1767000.0,-1240000.0,-2749000.0,-2321000.0,-4279000.0,0.0,-4343000.0,-7078000.0
Consolidated Income,-8046550.0,-13658495.0,-2459000.0,-1343000.0,-5588000.0,-2609000.0,-4625000.0,0.0,-4634000.0,-10743000.0
Earnings Before Tax Margin,-4.023275,-3.91367,-0.110044822434,-0.0559129536971,-0.135395286291,-0.0858251916181,-0.167294322132,0.0,-0.0988,-0.162
Net Profit Margin,-4.023275,-6.8292475,-0.141305597058,-0.0533317448971,-0.19774930993,-0.0858251916181,-0.167475376593,0.0,-0.0989,-0.244
