Date,2018-12-31,2017-12-31,2016-12-31,2015-12-31,2014-12-31,2013-12-31,2012-12-31,2011-12-31,2010-12-31,2009-12-31
Revenue,5632000.0,0.0,0.0,0.0,0.0,0.0,0.0,0.0,86387000.0,76667000.0
Revenue Growth,0.0,0.0,0.0,0.0,0.0,0.0,0.0,-1,0.126782057469315,-0.0829
Cost of Revenue,0.0,0.0,0.0,0.0,0.0,0.0,0.0,0.0,0.0,0.0
Gross Profit,0.0,0.0,0.0,0.0,0.0,0.0,0.0,0.0,86387000.0,76667000.0
R&D Expenses,0.0,0.0,0.0,0.0,0.0,0.0,0.0,0.0,0.0,0.0
SG&A Expense,80609000.0,75908000.0,61518000.0,50069000.0,42245000.0,39522000.0,0.0,0.0,49639000.0,47974000.0
Operating Expenses,80609000.0,75908000.0,61518000.0,50069000.0,42245000.0,39522000.0,18323000.0,0.0,67349000.0,65324000.0
Operating Income,60686000.0,61811000.0,23386000.0,37026000.0,29679000.0,21189000.0,0.0,0.0,19038000.0,11343000.0
Interest Expense,32426000.0,19839000.0,12382000.0,8065000.0,3996000.0,5117000.0,0.0,0.0,0.0,0.0
Earnings before Tax,60686000.0,61811000.0,23386000.0,37026000.0,29679000.0,0.0,0.0,0.0,19038000.0,11343000.0
Income Tax Expense,10143000.0,17717000.0,3881000.0,9758000.0,7448000.0,5696000.0,5551000.0,0.0,3282000.0,563000.0
Net Income - Non-Controlling int,0.0,0.0,0.0,0.0,0.0,0.0,0.0,0.0,0.0,0.0
Net Income - Discontinued ops,0.0,0.0,0.0,0.0,0.0,0.0,0.0,0.0,0.0,0.0
Net Income,50543000.0,44094000.0,19505000.0,27268000.0,22231000.0,21189000.0,0.0,0.0,15756000.0,10780000.0
Preferred Dividends,0.0,0.0,0.0,0.0,0.0,0.0,0.0,0.0,0.0,0.0
Net Income Com,50543000.0,44094000.0,19505000.0,27268000.0,22231000.0,21189000.0,0.0,0.0,15756000.0,10780000.0
EPS,1.72,1.64,0.85,1.39,1.37,1.28,0.0,0.0,0.95,0.75
EPS Diluted,1.72,1.64,0.84,1.39,1.36,1.27,0.0,0.0,0.95,0.75
Weighted Average Shs Out,29177000.0,26606000.0,22871000.0,19491000.0,16235000.0,16605000.0,0.0,0.0,16645334.0,16442021.0
Weighted Average Shs Out (Dil),29259000.0,26708000.0,22931000.0,19522000.0,16325000.0,16675000.0,0.0,0.0,16645334.0,16442021.0
Dividend per Share,0.803000786083,0.797476411562,0.742401116393,0.768927364,0.796079632466,0.60143928036,0.0,0.0,0.8,0.8
Gross Margin,0.0,0.0,0.0,0.0,0.0,0.0,0.0,0.0,1.0,1.0
EBITDA Margin,11.4469105114,0.0,0.0,0.0,0.0,0.0,0.0,0.0,0.25,0.179
EBIT Margin,10.7752130682,0.0,0.0,0.0,0.0,0.0,0.0,0.0,0.2204,0.148
Profit Margin,8.97425426136,0.0,0.0,0.0,0.0,0.0,0.0,0.0,0.182,0.141
Free Cash Flow margin,14.7171519886,0.0,0.0,0.0,0.0,0.0,0.0,0.0,0.3694,0.221
EBITDA,64469000.0,65447000.0,25101000.0,39131000.0,31242000.0,23739000.0,0.0,0.0,21555000.0,13700000.0
EBIT,60686000.0,61811000.0,23386000.0,37026000.0,29679000.0,21189000.0,0.0,0.0,19038000.0,11343000.0
Consolidated Income,50543000.0,44094000.0,19505000.0,27268000.0,22231000.0,21189000.0,0.0,0.0,15756000.0,10780000.0
Earnings Before Tax Margin,10.7752130682,0.0,0.0,0.0,0.0,0.0,0.0,0.0,0.2204,0.148
Net Profit Margin,8.97425426136,0.0,0.0,0.0,0.0,0.0,0.0,0.0,0.1824,0.1406
