Date,2019-04-30,2018-04-30,2017-04-30,2016-04-30,2015-04-30,2014-04-30,2013-04-30,2012-04-30,2011-04-30,2010-04-30
Revenue,36257000.0,35868000.0,42697000.0,34546000.0,36331000.0,35840000.0,36609000.0,48667000.0,48667000.0,58140000.0
Revenue Growth,0.0108453217352515,-0.159940979459915,0.235946274532507,-0.0491315956070573,0.0136997767857143,-0.0210057636100412,-0.247765426264204,0,-0.162934296525628,-0.1603
Cost of Revenue,0.0,0.0,0.0,0.0,0.0,0.0,0.0,0.0,4718000.0,5244000.0
Gross Profit,0.0,0.0,0.0,0.0,0.0,0.0,0.0,0.0,43949000.0,52896000.0
R&D Expenses,0.0,0.0,0.0,0.0,0.0,0.0,0.0,0.0,0.0,0.0
SG&A Expense,23003000.0,24345000.0,26540000.0,24427000.0,22737000.0,20728000.0,19895000.0,21960000.0,33419000.0,36980000.0
Operating Expenses,30844000.0,33296000.0,35238000.0,32666000.0,33830000.0,31720000.0,31271000.0,40134000.0,35416000.0,85086000.0
Operating Income,5413000.0,2572000.0,7459000.0,1880000.0,2501000.0,4120000.0,5338000.0,8533000.0,8533000.0,-32190000.0
Interest Expense,0.0,0.0,0.0,0.0,0.0,0.0,0.0,0.0,0.0,0.0
Earnings before Tax,15226000.0,11898000.0,15485000.0,10008000.0,10178000.0,10506000.0,11298000.0,61463000.0,61463000.0,-31353000.0
Income Tax Expense,4076000.0,-2840000.0,5118000.0,2717000.0,3410000.0,3887000.0,4373000.0,23681000.0,23681000.0,-8165000.0
Net Income - Non-Controlling int,0.0,0.0,0.0,0.0,0.0,0.0,0.0,0.0,0.0,0.0
Net Income - Discontinued ops,0.0,0.0,0.0,0.0,0.0,0.0,0.0,0.0,0.0,0.0
Net Income,11150000.0,14738000.0,10367000.0,7291000.0,6768000.0,6619000.0,6925000.0,37782000.0,37782000.0,-23188000.0
Preferred Dividends,0.0,0.0,0.0,0.0,0.0,0.0,0.0,0.0,0.0,0.0
Net Income Com,11150000.0,14738000.0,10367000.0,7291000.0,6768000.0,6619000.0,6925000.0,37782000.0,37782000.0,-23188000.0
EPS,1.15,1.52,1.07,0.75,0.69,0.67,0.7,3.79,3.79,-2.32
EPS Diluted,1.15,1.52,1.07,0.75,0.69,0.67,0.7,3.79,3.79,-2.32
Weighted Average Shs Out,9683771.0,9703255.0,9721958.0,9781495.0,9839155.0,9888774.0,9921925.0,9980000.0,9974881.0,9981600.0
Weighted Average Shs Out (Dil),9683771.0,9703255.0,9721958.0,9781495.0,9839155.0,9888774.0,9921925.0,9980000.0,9980000.0,9981600.0
Dividend per Share,0.760241025939,0.920206672915,0.680521351769,0.63047622066,0.600559702535,0.600175512151,0.751063931646,2.4004008016,2.6,3.6
Gross Margin,0.0,0.0,0.0,0.0,0.0,0.0,0.0,0.0,0.9031,0.9098
EBITDA Margin,0.159417491795,0.103072376492,0.282970700518,0.164910554044,0.12622828989,0.158258928571,0.165587697014,0.187786385025,1.275,-0.527
EBIT Margin,0.149295308492,0.0717073714732,0.174696114481,0.0544201933654,0.0688392832567,0.114955357143,0.145811139337,0.175334415518,1.2629,-0.5393
Profit Margin,0.307526822407,0.410895505743,0.242803944071,0.211051930759,0.186287192755,0.184681919643,0.18916113524,0.776337148376,0.776,-0.399
Free Cash Flow margin,0.326006012632,0.0184844429575,-0.116026887135,0.0514386614948,0.0903085519254,0.0233537946429,0.0635909202655,0.216861528346,0.1799,-0.163
EBITDA,5780000.0,3697000.0,12082000.0,5697000.0,4586000.0,5672000.0,6062000.0,9139000.0,62056000.0,-30627000.0
EBIT,5413000.0,2572000.0,7459000.0,1880000.0,2501000.0,4120000.0,5338000.0,8533000.0,61463000.0,-31353000.0
Consolidated Income,11150000.0,14738000.0,10367000.0,7291000.0,6768000.0,6619000.0,6925000.0,37782000.0,37782000.0,-23188000.0
Earnings Before Tax Margin,0.419946493091,0.331716293075,0.362671850481,0.289700688936,0.280146431422,0.293136160714,0.308612636237,1.26292970596,1.2629,-0.5393
Net Profit Margin,0.307526822407,0.410895505743,0.242803944071,0.211051930759,0.186287192755,0.184681919643,0.18916113524,0.776337148376,0.7763,-0.3988
