Date,2019-12-31,2018-12-31,2017-12-31,2016-12-31,2015-12-31,2014-12-31,2013-12-31,2012-12-31,2011-12-31,2010-12-31,2009-12-31
Revenue,419349000.0,542082000.0,484756000.0,332451000.0,477038000.0,392873000.0,331749000.0,516020000.0,979135000.0,930892000.0,282262000.0
Revenue Growth,0.0,0.0,0.0,0.0,0.0,0.0,0.0,0.0,0.0,2.29797138828464,-0.1037
Cost of Revenue,261155000.0,348363000.0,300438000.0,199593000.0,299797000.0,257991000.0,228607000.0,300887000.0,504801000.0,481407000.0,168003000.0
Gross Profit,158194000.0,193719000.0,184318000.0,132858000.0,177241000.0,134882000.0,103142000.0,215133000.0,474334000.0,449485000.0,114259000.0
R&D Expenses,90557000.0,97755000.0,81987000.0,81016000.0,78543000.0,81171000.0,81424000.0,95153000.0,96596000.0,56948000.0,37767000.0
SG&A Expense,79749000.0,92060000.0,100250000.0,77642000.0,90188000.0,89760000.0,85486000.0,73110000.0,95134000.0,87250000.0,59419000.0
Operating Expenses,197772000.0,609221000.0,248096000.0,253260000.0,200473000.0,214091000.0,175142000.0,177921000.0,198075000.0,147722000.0,105946000.0
Operating Income,-39578000.0,-415502000.0,-63778000.0,-120402000.0,-23232000.0,-79209000.0,-71812000.0,37212000.0,276259000.0,301763000.0,8313000.0
Interest Expense,22085000.0,21518000.0,19457000.0,222000.0,464000.0,715000.0,598000.0,1502000.0,4600000.0,6572000.0,7732000.0
Earnings before Tax,-77956000.0,-286561000.0,-80900000.0,-119444000.0,-22646000.0,-78354000.0,-84942000.0,38186000.0,272086000.0,381265000.0,-13009000.0
Income Tax Expense,777000.0,-26746000.0,-36107000.0,2766000.0,9332000.0,-11414000.0,-28947000.0,11657000.0,81584000.0,19505000.0,2558000.0
Net Income - Non-Controlling int,0.0,0.0,0.0,0.0,0.0,0.0,0.0,0.0,0.0,0.0,-65000.0
Net Income - Discontinued ops,0.0,0.0,0.0,0.0,0.0,0.0,0.0,0.0,0.0,-84584000.0,13855000.0
Net Income,-78733000.0,-407088000.0,-44793000.0,-122210000.0,-31978000.0,-66940000.0,-42263000.0,30928000.0,127987000.0,361760000.0,-15567000.0
Preferred Dividends,0.0,0.0,0.0,0.0,0.0,0.0,0.0,0.0,0.0,0.0,0.0
Net Income Com,-78733000.0,-407088000.0,-44793000.0,-122210000.0,-31978000.0,-66940000.0,-42263000.0,30928000.0,127987000.0,361760000.0,-15567000.0
EPS,-1.66,-8.63,-1.01,-3.11,-0.8,-1.7,-1.09,0.8,3.23,9.16,-0.48
EPS Diluted,-1.66,-8.63,-1.01,-3.11,-0.8,-1.7,-1.09,0.79,3.11,8.51,-0.48
Weighted Average Shs Out,47482000.0,47151000.0,44174000.0,39340000.0,39742000.0,39350000.0,38807000.0,38477000.0,39658000.0,39904001.0,32777024.0
Weighted Average Shs Out (Dil),47482000.0,47151000.0,44174000.0,39340000.0,39742000.0,39350000.0,38807000.0,39051000.0,41155000.0,39499000.0,32628000.0
Dividend per Share,0.0,0.0,0.0,0.0,0.0,0.0,0.0,0.0,0.0,0.0,0.0
Gross Margin,0.377237098455,0.357361063455,0.380228403568,0.399631825442,0.371544824521,0.34332214227,0.310903725407,0.41690825937,0.484441879822,0.4829,0.4048
EBITDA Margin,0.0178777104512,-0.652561789545,-0.00667758624958,-0.263954688059,0.0348357992445,-0.139067841262,-0.160925880711,0.103492112709,0.296599549602,0.428,0.025
EBIT Margin,-0.094379621747,-0.766492892219,-0.131567221447,-0.362164649828,-0.0487005228095,-0.201614771186,-0.216464857468,0.0721134839735,0.282145975785,0.4166,-0.0187
Profit Margin,-0.187750537142,-0.750971255271,-0.0924031884082,-0.367603045261,-0.0670344920111,-0.17038584988,-0.127394506087,0.0599356614085,0.130714355017,0.389,-0.055
Free Cash Flow margin,-0.0436128379941,-0.0929601056667,0.0203690103887,-0.106250244397,0.00398710375274,0.0674034611694,-0.0254620209857,0.168538041161,0.0562516915441,0.1971,0.1857
EBITDA,7497000.0,-353742000.0,-3237000.0,-87752000.0,16618000.0,-54636000.0,-53387000.0,53404000.0,290411000.0,398626000.0,6950000.0
EBIT,-39578000.0,-415502000.0,-63778000.0,-120402000.0,-23232000.0,-79209000.0,-71812000.0,37212000.0,276259000.0,387837000.0,-5277000.0
Consolidated Income,-78733000.0,-407088000.0,-44793000.0,-122210000.0,-31978000.0,-66940000.0,-42263000.0,30928000.0,127987000.0,361760000.0,-15632000.0
Earnings Before Tax Margin,-0.185897665191,-0.528630354817,-0.166888083902,-0.35928302216,-0.0474721091402,-0.199438495392,-0.256042972247,0.0740010077129,0.277884050718,0.4096,-0.0461
Net Profit Margin,-0.187750537142,-0.750971255271,-0.0924031884082,-0.367603045261,-0.0670344920111,-0.17038584988,-0.127394506087,0.0599356614085,0.130714355017,0.3886,-0.0552
