Date,2018-12-31,2017-12-31,2016-12-31,2015-12-31,2014-12-31,2013-12-31,2012-12-31,2011-12-31,2010-12-31,2009-12-31
Revenue,1870262000.0,1807476000.0,1690949000.0,1657197000.0,1591315000.0,1056200000.0,1084546000.0,1133380000.0,0.0,801494000.0
Revenue Growth,0.034736837446251,0.0689121907284016,0.0203669207704334,0.0414009796928955,0.506641734519977,-0.0261362819096654,-0.0430870493567912,0.0,-1,0.4181
Cost of Revenue,1292484000.0,1228046000.0,1097344000.0,1109727000.0,1097060000.0,747186000.0,823452000.0,892883000.0,0.0,577386000.0
Gross Profit,577778000.0,579430000.0,593605000.0,547470000.0,494255000.0,309014000.0,261094000.0,240497000.0,0.0,224108000.0
R&D Expenses,0.0,0.0,0.0,0.0,0.0,0.0,0.0,1152000.0,0.0,0.0
SG&A Expense,355513000.0,339151000.0,340567000.0,0.0,0.0,0.0,0.0,0.0,0.0,85041000.0
Operating Expenses,355513000.0,339151000.0,340567000.0,320221000.0,278392000.0,108872000.0,106161000.0,97176000.0,0.0,80941000.0
Operating Income,224049000.0,233688000.0,232997000.0,199920000.0,213388000.0,112036000.0,154933000.0,143321000.0,0.0,143167000.0
Interest Expense,203780000.0,173685000.0,142982000.0,120691000.0,160991000.0,132147000.0,110102000.0,100706000.0,0.0,68490000.0
Earnings before Tax,79559000.0,89168000.0,126429000.0,107705000.0,82487000.0,63487000.0,53717000.0,123157000.0,0.0,28537000.0
Income Tax Expense,21552000.0,-1582000.0,49163000.0,41233000.0,33251000.0,24795000.0,23095000.0,48137000.0,0.0,3731000.0
Net Income - Non-Controlling int,0.0,0.0,0.0,0.0,0.0,0.0,0.0,0.0,0.0,0.0
Net Income - Discontinued ops,0.0,0.0,0.0,0.0,0.0,0.0,0.0,0.0,0.0,0.0
Net Income,58105000.0,84572000.0,71127000.0,59198000.0,36978000.0,38692000.0,30622000.0,75020000.0,0.0,24806000.0
Preferred Dividends,0.0,0.0,0.0,0.0,0.0,0.0,0.0,0.0,0.0,0.0
Net Income Com,58105000.0,84572000.0,71127000.0,59198000.0,36978000.0,38692000.0,30622000.0,75020000.0,0.0,24806000.0
EPS,0.37,0.59,0.56,0.49,0.35,0.41,0.35,0.93,0.0,0.22
EPS Diluted,0.37,0.59,0.55,0.49,0.35,0.41,0.35,0.93,0.0,0.22
Weighted Average Shs Out,139392638.0,132414514.0,124031786.0,117760538.0,102928952.0,91506678.0,84612613.0,78674311.0,0.0,100273753.0
Weighted Average Shs Out (Dil),139509345.0,132672851.0,124259576.0,117792568.0,102992506.0,91744172.0,84692996.0,78876810.0,0.0,100273753.0
Dividend per Share,1.61542583402,1.59405634541,1.60105970424,1.59730790486,1.6246618953,1.57733180043,1.6189532367,1.58854040877,0.0,0.839
Gross Margin,0.308928909426,0.320574104442,0.351048434932,0.330359033959,0.31059532525,0.292571482674,0.240740365093,0.212194497874,0.0,0.2796
EBITDA Margin,0.129851325643,0.139588022192,0.151013425006,0.136117794082,0.149490829911,0.118033516379,0.152636218289,0.13581323122,0.0,0.134
EBIT Margin,0.119795515281,0.129289683514,0.137790672575,0.120637437794,0.13409538652,0.106074607082,0.142855167047,0.126454498932,0.0,0.1211
Profit Margin,0.031067839693,0.0467901095229,0.0420633620529,0.0357217639182,0.0232373854328,0.0366332134066,0.0282348558752,0.0661913921191,0.0,0.031
Free Cash Flow margin,0.0877695210618,0.0618082895706,0.0419557301846,0.0805589196698,0.0527689363828,0.036689074039,0.0671442244036,0.0213547089238,0.0,0.0023
EBITDA,242856000.0,252302000.0,255356000.0,225574000.0,237887000.0,124667000.0,165541000.0,153928000.0,0.0,107425000.0
EBIT,224049000.0,233688000.0,232997000.0,199920000.0,213388000.0,112036000.0,154933000.0,143321000.0,0.0,97027000.0
Consolidated Income,58105000.0,84572000.0,71127000.0,59198000.0,36978000.0,38692000.0,30622000.0,75020000.0,0.0,24806000.0
Earnings Before Tax Margin,0.0425389597821,0.0493328818751,0.0747680740223,0.0649922730973,0.0518357459083,0.0601088808938,0.0495294805384,0.108663466798,0.0,0.0356
Net Profit Margin,0.031067839693,0.0467901095229,0.0420633620529,0.0357217639182,0.0232373854328,0.0366332134066,0.0282348558752,0.0661913921191,0.0,0.0309
