Date,2018-12-31,2017-12-31,2016-12-31,2015-12-31,2014-12-31,2013-12-31,2012-12-31,2011-12-31,2010-12-31,2009-12-31
Revenue,63000.0,1547000.0,1550000.0,1555000.0,1249000.0,2197000.0,412000.0,20000.0,68000.0,26000.0
Revenue Growth,-0.959276018099548,-0.00193548387096774,-0.00321543408360129,0.244995996797438,-0.431497496586254,4.33252427184466,19.6,-0.705882352941177,1.61538461538462,-0.8056
Cost of Revenue,0.0,0.0,884000.0,5265000.0,6100000.0,0.0,0.0,0.0,0.0,0.0
Gross Profit,0.0,0.0,666000.0,-3710000.0,-4851000.0,0.0,0.0,0.0,68000.0,26000.0
R&D Expenses,4815000.0,2674000.0,2499000.0,2277000.0,2004000.0,1782000.0,1555000.0,1464000.0,2412000.0,864000.0
SG&A Expense,20705000.0,16194000.0,26672000.0,23190000.0,28310000.0,29002000.0,37718000.0,15932000.0,33764000.0,12250000.0
Operating Expenses,25520000.0,18868000.0,30055000.0,30732000.0,30314000.0,30784000.0,39273000.0,17396000.0,-104617000.0,13114000.0
Operating Income,-25457000.0,-17321000.0,-28505000.0,-29177000.0,-12165000.0,-28587000.0,-38861000.0,-17376000.0,104685000.0,-13088000.0
Interest Expense,0.0,0.0,0.0,0.0,0.0,0.0,0.0,0.0,0.0,0.0
Earnings before Tax,-25403000.0,-17275000.0,-28436000.0,-29226000.0,-9887000.0,-26857000.0,-39459000.0,-22743000.0,75479000.0,-12524000.0
Income Tax Expense,3000.0,3000.0,133000.0,8000.0,15000.0,751000.0,-12535000.0,-5480000.0,34062000.0,0.0
Net Income - Non-Controlling int,0.0,0.0,0.0,0.0,0.0,0.0,0.0,0.0,0.0,0.0
Net Income - Discontinued ops,0.0,0.0,0.0,0.0,0.0,0.0,0.0,0.0,0.0,0.0
Net Income,-25406000.0,-17278000.0,-28569000.0,-29234000.0,-9902000.0,-27608000.0,-26924000.0,-17263000.0,41417000.0,-12524000.0
Preferred Dividends,0.0,0.0,0.0,0.0,0.0,0.0,0.0,0.0,0.0,0.0
Net Income Com,-25406000.0,-17278000.0,-28569000.0,-29234000.0,-9902000.0,-27608000.0,-26924000.0,-17263000.0,41417000.0,-12524000.0
EPS,-0.4,-0.3,-0.51,-0.56,-0.19,-0.54,-0.53,-0.35,0.91,-0.33
EPS Diluted,-0.4,-0.3,-0.51,-0.56,-0.19,-0.54,-0.53,-0.35,0.84,-0.33
Weighted Average Shs Out,62985763.0,58354397.0,55984825.0,52384494.0,51570000.0,51188006.0,50934266.0,50028413.0,48840172.0,39750927.0
Weighted Average Shs Out (Dil),62985763.0,58354397.0,55984825.0,52384494.0,51570472.0,51188006.0,50934266.0,50028413.0,45452550.0,37911340.0
Dividend per Share,0.0,0.0,0.0,0.0,0.0,0.0,0.0,0.0,0.5,0.0
Gross Margin,0.0,0.0,0.429677419355,-2.38585209003,-3.8839071257,0.0,0.0,0.0,1.0,1.0
EBITDA Margin,-403.793650794,-11.1797026503,-18.3529032258,-18.6881028939,-9.71977582066,-12.9954483386,-94.1504854369,-865.4,1110.853,-479.269
EBIT Margin,-404.079365079,-11.196509373,-18.3903225806,-18.7633440514,-9.73979183347,-13.0118343195,-94.322815534,-868.8,1109.9853,-481.6923
Profit Margin,-403.26984127,-11.1687136393,-18.4316129032,-18.8,-7.92794235388,-12.5662266727,-65.3495145631,-863.15,609.074,-481.692
Free Cash Flow margin,-353.936507937,-9.65998707175,-14.2116129032,-16.9890675241,1.54683746998,-3.31861629495,-47.645631068,-915.15,1115.7059,-267.3462
EBITDA,-25439000.0,-17295000.0,-28447000.0,-29060000.0,-12140000.0,-28551000.0,-38790000.0,-17308000.0,75538000.0,-12461000.0
EBIT,-25457000.0,-17321000.0,-28505000.0,-29177000.0,-12165000.0,-28587000.0,-38861000.0,-17376000.0,75479000.0,-12524000.0
Consolidated Income,-25406000.0,-17278000.0,-28569000.0,-29234000.0,-9902000.0,-27608000.0,-26924000.0,-17263000.0,41417000.0,-12524000.0
Earnings Before Tax Margin,-403.222222222,-11.1667744021,-18.3458064516,-18.7948553055,-7.9159327462,-12.2243969049,-95.7742718447,-1137.15,1109.9853,-481.6923
Net Profit Margin,-403.26984127,-11.1687136393,-18.4316129032,-18.8,-7.92794235388,-12.5662266727,-65.3495145631,-863.15,609.0735,-481.6923
