Date,2018-12-31,2017-12-31,2016-12-31,2015-12-31,2014-12-31,2013-12-31,2012-12-31,2011-12-31,2010-12-31,2009-12-31
Revenue,2395100000.0,2145200000.0,1995200000.0,2068010000.0,1746726000.0,1595703000.0,1534320000.0,0.0,1138343000.0,1027104000.0
Revenue Growth,0.116492634719373,0.0751804330392943,-0.0352077601172141,0.183934973201292,0.0946435520895806,0.0400066478961364,0.0,-1,0.108303540829361,0.1495
Cost of Revenue,1182300000.0,1021200000.0,926000000.0,1018758000.0,858974000.0,752454000.0,711373000.0,0.0,463473000.0,491294000.0
Gross Profit,1212800000.0,1124000000.0,1069200000.0,1049252000.0,887752000.0,843249000.0,822947000.0,0.0,674870000.0,535810000.0
R&D Expenses,47600000.0,37400000.0,27400000.0,22737000.0,25508000.0,21426000.0,18386000.0,0.0,0.0,0.0
SG&A Expense,378700000.0,322800000.0,301600000.0,312690000.0,227306000.0,228982000.0,231359000.0,0.0,166374000.0,162604000.0
Operating Expenses,378700000.0,322800000.0,301600000.0,312690000.0,227306000.0,228982000.0,231359000.0,0.0,233956000.0,233803000.0
Operating Income,834100000.0,801200000.0,767600000.0,736562000.0,660446000.0,614267000.0,591588000.0,0.0,440914000.0,302007000.0
Interest Expense,129700000.0,119400000.0,120000000.0,121316000.0,69984000.0,76136000.0,72508000.0,0.0,34664000.0,35265000.0
Earnings before Tax,719700000.0,691000000.0,653700000.0,717436000.0,590620000.0,538740000.0,519208000.0,0.0,406650000.0,264605000.0
Income Tax Expense,121000000.0,135900000.0,202200000.0,209859000.0,219755000.0,196426000.0,190066000.0,0.0,164098000.0,137991000.0
Net Income - Non-Controlling int,0.0,0.0,0.0,0.0,0.0,0.0,0.0,0.0,0.0,0.0
Net Income - Discontinued ops,0.0,0.0,0.0,0.0,0.0,0.0,0.0,0.0,0.0,0.0
Net Income,598700000.0,555100000.0,591200000.0,507577000.0,400042000.0,348380000.0,329142000.0,0.0,242552000.0,126614000.0
Preferred Dividends,0.0,0.0,0.0,0.0,0.0,0.0,0.0,0.0,0.0,0.0
Net Income Com,598700000.0,555100000.0,591200000.0,507577000.0,400042000.0,348380000.0,329142000.0,0.0,242552000.0,126614000.0
EPS,3.63,3.36,3.51,3.07,2.41,2.07,1.98,0.0,1.36,0.72
EPS Diluted,3.56,3.29,3.45,3.01,2.37,2.02,1.92,0.0,1.3,0.7
Weighted Average Shs Out,164808110.0,165168224.0,168248304.0,165090380.0,165823803.0,168031412.0,165890258.0,0.0,172273547.0,180043250.0
Weighted Average Shs Out (Dil),168297836.0,168688868.0,171171572.0,168451343.0,169132423.0,172276360.0,171709518.0,0.0,177733503.0,174767795.0
Dividend per Share,0.0,0.0,0.0,0.0,0.0,0.0,0.0,0.0,0.0,0.0
Gross Margin,0.506367166298,0.523960469886,0.535886126704,0.507372788333,0.508237697269,0.52844984311,0.536359429584,0.0,0.5929,0.5217
EBITDA Margin,0.470126508288,0.482192802536,0.494787489976,0.454130782733,0.458738806201,0.467588266739,0.451959174097,0.0,0.448,0.361
EBIT Margin,0.34825268256,0.373484989745,0.384723336006,0.356169457594,0.378105094903,0.384950708246,0.385570154857,0.0,0.3877,0.292
Profit Margin,0.249968686067,0.258763751632,0.296311146752,0.24544223674,0.22902389957,0.218323835952,0.214519787267,0.0,0.213,0.123
Free Cash Flow margin,0.293682935994,0.26104792094,0.195268644747,0.221250864358,0.19615784044,0.226197481612,0.25669742948,0.0,0.2612,0.2801
EBITDA,1126000000.0,1034400000.0,987200000.0,939147000.0,801291000.0,746132000.0,693450000.0,0.0,509440000.0,371069000.0
EBIT,834100000.0,801200000.0,767600000.0,736562000.0,660446000.0,614267000.0,591588000.0,0.0,441314000.0,299870000.0
Consolidated Income,598700000.0,555100000.0,591200000.0,507577000.0,400042000.0,348380000.0,329142000.0,0.0,242552000.0,126614000.0
Earnings Before Tax Margin,0.300488497349,0.32211448816,0.327636327185,0.346920952993,0.338129735288,0.337619218614,0.338396162469,0.0,0.3572,0.2576
Net Profit Margin,0.249968686067,0.258763751632,0.296311146752,0.24544223674,0.22902389957,0.218323835952,0.214519787267,0.0,0.2131,0.1233
