Date,2018-12-31,2017-12-31,2016-12-31,2015-12-31,2014-12-31,2013-12-31,2012-12-31,2011-12-31,2010-12-31,2009-12-31
Revenue,3047597000.0,2488652000.0,1702177000.0,1032336000.0,580415000.0,1211975000.0,1527042000.0,1410626000.0,143370000.0,101889000.0
Revenue Growth,0.224597492939953,0.462040669096105,0.648859479859271,0.778617024025912,-0.521099857670332,-0.206325038865991,0.0825278989611704,8.83905977540629,0.407119512410564,-0.4194
Cost of Revenue,472474000.0,599811000.0,289505000.0,203563000.0,163513000.0,815730000.0,238586000.0,171499000.0,1501000.0,14202000.0
Gross Profit,2575123000.0,1888841000.0,1412672000.0,828773000.0,416902000.0,396245000.0,1288456000.0,1239127000.0,141869000.0,87687000.0
R&D Expenses,1416476000.0,1324625000.0,1047690000.0,995922000.0,855506000.0,918783000.0,806185000.0,707706000.0,637416000.0,550274000.0
SG&A Expense,557616000.0,496079000.0,432829000.0,376575000.0,305409000.0,362342000.0,436796000.0,400721000.0,187800000.0,130192000.0
Operating Expenses,1939973000.0,1765598000.0,1402736000.0,1295652000.0,1109314000.0,1299693000.0,1286124000.0,1125307000.0,837946000.0,701699000.0
Operating Income,635150000.0,123243000.0,9936000.0,-466879000.0,-692412000.0,-903448000.0,2332000.0,113820000.0,-696077000.0,-614012000.0
Interest Expense,0.0,60100000.0,60200000.0,60200000.0,60200000.0,0.0,16653000.0,38452000.0,19275000.0,13192000.0
Earnings before Tax,600241000.0,-15689000.0,-67366000.0,-557800000.0,-734875000.0,-687306000.0,-12381000.0,60445000.0,-754626000.0,-642178000.0
Income Tax Expense,-1486862000.0,-107324000.0,16665000.0,30381000.0,6958000.0,-288567000.0,38754000.0,19266000.0,0.0,0.0
Net Income - Non-Controlling int,0.0,0.0,0.0,0.0,0.0,0.0,0.0,0.0,0.0,0.0
Net Income - Discontinued ops,0.0,0.0,0.0,0.0,0.0,0.0,0.0,0.0,0.0,0.0
Net Income,2096896000.0,263484000.0,-112052000.0,-556334000.0,-738555000.0,-445028000.0,-107032000.0,29574000.0,-754626000.0,-642178000.0
Preferred Dividends,0.0,0.0,0.0,0.0,0.0,0.0,0.0,0.0,0.0,0.0
Net Income Com,2096896000.0,263484000.0,-112052000.0,-556334000.0,-738555000.0,-445028000.0,-107032000.0,29574000.0,-754626000.0,-642178000.0
EPS,8.24,1.06,-0.46,-2.31,-3.14,-1.98,-0.5,0.14,-3.77,-3.71
EPS Diluted,8.09,1.04,-0.46,-2.31,-3.14,-1.98,-0.5,0.14,-3.77,-3.71
Weighted Average Shs Out,254292000.0,248858000.0,244685000.0,241312000.0,235307000.0,224906000.0,211946000.0,204891000.0,200402000.0,181189886.0
Weighted Average Shs Out (Dil),259185000.0,253225000.0,244685000.0,241312000.0,235307000.0,224906000.0,211946000.0,208807000.0,200402000.0,173259000.0
Dividend per Share,0.0,0.0,0.0,0.0,0.0,0.0,0.0,0.0,0.0,0.0
Gross Margin,0.844968347193,0.758981569139,0.829920742672,0.802813231351,0.718282608134,0.326941562326,0.843759372696,0.878423480072,0.989530585199,0.8606
EBITDA Margin,0.232173085877,0.0741927758481,0.041907510206,-0.391864664218,-1.08397439763,-0.705528579385,0.0265369256379,0.118578560157,-4.54787612471,-5.878
EBIT Margin,0.208410101467,0.049521990218,0.00583723079327,-0.452254886006,-1.19296020951,-0.745434518039,0.00152713546844,0.0806875812582,-4.85510915812,-6.1732
Profit Margin,0.688048977604,0.105874184096,-0.0658286417922,-0.538907874955,-1.27246022243,-0.367192392582,-0.0700910649478,0.0209651601488,-5.26348608496,-6.303
Free Cash Flow margin,0.385471569896,0.299568199973,0.105476692494,-0.397868523426,-0.97240767382,-0.0849547226634,0.128811781208,0.0773699052761,-4.69760758876,-4.4272
EBITDA,707570000.0,184640000.0,71334000.0,-404536000.0,-629155000.0,-855083000.0,40523000.0,167270000.0,-652029000.0,-598879000.0
EBIT,635150000.0,123243000.0,9936000.0,-466879000.0,-692412000.0,-903448000.0,2332000.0,113820000.0,-696077000.0,-628986000.0
Consolidated Income,2096896000.0,263484000.0,-112052000.0,-556334000.0,-738555000.0,-445028000.0,-107032000.0,29574000.0,-754626000.0,-642178000.0
Earnings Before Tax Margin,0.196955502975,-0.00630421609771,-0.0395763777797,-0.540327955239,-1.26611993143,-0.567095855938,-0.00810783200462,0.0428497702438,-5.26348608496,-6.3027
Net Profit Margin,0.688048977604,0.105874184096,-0.0658286417922,-0.538907874955,-1.27246022243,-0.367192392582,-0.0700910649478,0.0209651601488,-5.26348608496,-6.3027
