Date,2018-12-31,2017-12-31,2016-12-31,2015-12-31,2014-12-31,2013-12-31,2012-12-31,2011-12-31,2010-12-31,2009-12-31
Revenue,1296184000.0,1306965000.0,1204970000.0,1089048000.0,1064987000.0,972792000.0,0.0,0.0,844761000.0,805804000.0
Revenue Growth,-0.00824888195169725,0.0846452608778642,0.106443425817778,0.0225927640431292,0.094773600111843,0.0,0.0,-1,0.0483455033730287,-0.2811
Cost of Revenue,1229431000.0,1202615000.0,1140241000.0,1051113000.0,1023700000.0,943644000.0,0.0,0.0,830005000.0,801616000.0
Gross Profit,66753000.0,104350000.0,64729000.0,37935000.0,41287000.0,29148000.0,0.0,0.0,14756000.0,4188000.0
R&D Expenses,0.0,0.0,0.0,0.0,0.0,0.0,0.0,0.0,0.0,0.0
SG&A Expense,0.0,0.0,0.0,0.0,0.0,0.0,0.0,0.0,6422000.0,5607000.0
Operating Expenses,1744000.0,0.0,0.0,0.0,0.0,0.0,0.0,0.0,10829000.0,131970000.0
Operating Income,65009000.0,104350000.0,64729000.0,37935000.0,41287000.0,29148000.0,26802000.0,0.0,3927000.0,-127782000.0
Interest Expense,9640000.0,8304000.0,5898000.0,4535000.0,2015000.0,1234000.0,0.0,0.0,1835000.0,1690000.0
Earnings before Tax,65009000.0,104350000.0,64729000.0,37935000.0,41287000.0,29148000.0,26802000.0,0.0,2185000.0,-133350000.0
Income Tax Expense,17095000.0,45898000.0,21250000.0,10493000.0,109000.0,8590000.0,0.0,0.0,1742000.0,-28639000.0
Net Income - Non-Controlling int,0.0,0.0,0.0,0.0,0.0,0.0,0.0,0.0,636000.0,582000.0
Net Income - Discontinued ops,0.0,0.0,0.0,0.0,0.0,0.0,0.0,0.0,-262000.0,-679000.0
Net Income,49170000.0,57707000.0,42269000.0,26606000.0,52354000.0,21555000.0,5273000.0,0.0,443000.0,-104711000.0
Preferred Dividends,0.0,0.0,0.0,0.0,0.0,0.0,0.0,0.0,0.0,0.0
Net Income Com,49170000.0,57707000.0,42269000.0,26606000.0,52354000.0,21555000.0,5273000.0,0.0,443000.0,-104711000.0
EPS,2.4,2.83,2.09,1.32,2.59,1.06,0.0,0.0,0.02,-5.25
EPS Diluted,2.4,2.83,2.09,1.32,2.59,1.06,0.0,0.0,0.02,-5.25
Weighted Average Shs Out,20168000.0,20146000.0,19990000.0,19797000.0,19804000.0,19850000.0,0.0,0.0,20191294.0,20550691.0
Weighted Average Shs Out (Dil),20404000.0,20405000.0,20177000.0,19981000.0,20133000.0,20265000.0,0.0,0.0,19955000.0,19960000.0
Dividend per Share,0.399627524015,0.399901984808,0.401992367547,0.402182072969,1.90667064024,2.90717986677,0.0,0.0,0.2,0.16
Gross Margin,0.0514996327682,0.0798414647676,0.0537183498344,0.0348331753972,0.0387676093699,0.0299632398293,0.0,0.0,0.0175,0.0052
EBITDA Margin,0.0940074865914,0.122010918426,0.0891906022557,0.0671834482961,0.0676806383552,0.0593785721922,0.0,0.0,0.038,-0.128
EBIT Margin,0.0501541447819,0.0798414647676,0.0537183498344,0.0348331753972,0.0387676093699,0.0299632398293,0.0,0.0,0.0048,-0.1634
Profit Margin,0.0379344290625,0.0441534394571,0.0350788816319,0.0244305117864,0.0491592855124,0.0221578713641,0.0,0.0,0.001,-0.13
Free Cash Flow margin,0.00559334168606,0.042542837796,0.0419122467779,0.0279491813033,0.0269496247372,-0.030904859415,0.0,0.0,0.0485,-0.0341
EBITDA,121851000.0,159464000.0,107472000.0,73166000.0,72079000.0,57763000.0,26802000.0,0.0,32272000.0,-103391000.0
EBIT,65009000.0,104350000.0,64729000.0,37935000.0,41287000.0,29148000.0,26802000.0,0.0,4020000.0,-131660000.0
Consolidated Income,49170000.0,57707000.0,42269000.0,26606000.0,52354000.0,21555000.0,5273000.0,0.0,1079000.0,-104129000.0
Earnings Before Tax Margin,0.0501541447819,0.0798414647676,0.0537183498344,0.0348331753972,0.0387676093699,0.0299632398293,0.0,0.0,0.0026,-0.1655
Net Profit Margin,0.0379344290625,0.0441534394571,0.0350788816319,0.0244305117864,0.0491592855124,0.0221578713641,0.0,0.0,0.0005,-0.1299
