Date,2018-12-31,2017-12-31,2016-12-31,2015-12-31,2014-12-31,2013-12-31,2012-12-31,2011-12-31,2010-12-31,2009-12-31
Revenue,2419929000.0,2309078000.0,2167423000.0,2042332000.0,1989344000.0,1904218000.0,1843641000.0,1851184000.0,1643371000.0,1498700000.0
Revenue Growth,0.0480066069660704,0.0653564163525071,0.0612491015172851,0.0266359161613074,0.0447039152029862,0.032857264510824,-0.00407468949601984,0.126455316541426,0.096530993527724,-0.0485
Cost of Revenue,999850000.0,969924000.0,595796000.0,842672000.0,824913000.0,783456000.0,737614000.0,730493000.0,653303000.0,594882000.0
Gross Profit,1420079000.0,1339154000.0,1571627000.0,1199660000.0,1164431000.0,1120762000.0,1106027000.0,1120691000.0,990068000.0,903818000.0
R&D Expenses,143403000.0,132593000.0,125187000.0,118545000.0,107726000.0,100536000.0,96004000.0,92347000.0,84274000.0,77154000.0
SG&A Expense,536902000.0,544703000.0,513031000.0,495747000.0,512707000.0,492965000.0,477270000.0,490011000.0,445456000.0,421403000.0
Operating Expenses,680305000.0,677296000.0,638218000.0,614292000.0,620433000.0,593501000.0,573274000.0,582358000.0,529730000.0,509216000.0
Operating Income,739774000.0,661858000.0,600114000.0,567451000.0,490740000.0,490105000.0,511490000.0,528600000.0,437863000.0,394602000.0
Interest Expense,48641000.0,56839000.0,44911000.0,36243000.0,34191000.0,30050000.0,28073000.0,21971000.0,13924000.0,10986000.0
Earnings before Tax,682146000.0,641097000.0,600114000.0,541919000.0,490740000.0,490105000.0,487625000.0,509252000.0,437863000.0,386652000.0
Income Tax Expense,88352000.0,620786000.0,78611000.0,72866000.0,59120000.0,40102000.0,26182000.0,76284000.0,56100000.0,63339000.0
Net Income - Non-Controlling int,0.0,0.0,0.0,0.0,0.0,0.0,0.0,0.0,0.0,0.0
Net Income - Discontinued ops,0.0,0.0,0.0,0.0,0.0,0.0,0.0,0.0,0.0,0.0
Net Income,593794000.0,20311000.0,521503000.0,469053000.0,431620000.0,490105000.0,487625000.0,509252000.0,437863000.0,323313000.0
Preferred Dividends,0.0,0.0,0.0,0.0,0.0,0.0,0.0,0.0,0.0,0.0
Net Income Com,593794000.0,20311000.0,521503000.0,469053000.0,431620000.0,490105000.0,487625000.0,509252000.0,437863000.0,323313000.0
EPS,7.71,0.25,6.46,5.7,5.07,5.2,5.19,4.69,4.06,3.37
EPS Diluted,7.65,0.25,6.41,5.65,5.07,5.2,5.19,4.69,4.06,3.34
Weighted Average Shs Out,76992000.0,79793000.0,80786000.0,82336000.0,84358000.0,85426000.0,87841000.0,90833000.0,92385000.0,94693740.0
Weighted Average Shs Out (Dil),77618000.0,80604000.0,81417000.0,83087000.0,85151000.0,86546000.0,88979000.0,92325000.0,94057000.0,95797000.0
Dividend per Share,0.0,0.0,0.0,0.0,0.0,0.0,0.0,0.0,0.0,0.0
Gross Margin,0.586826720949,0.579951824928,0.725113187412,0.587397151883,0.585334160407,0.588568115625,0.59991451698,0.605391468379,0.602461647431,0.6031
EBITDA Margin,0.350498712979,0.332539654356,0.321378429591,0.321905547188,0.294052210176,0.299230445254,0.314768981597,0.321408892903,0.304508841887,0.304
EBIT Margin,0.305700704442,0.286633019759,0.276879040224,0.277844640343,0.246684334132,0.257378619465,0.277434706648,0.285546979663,0.266441965935,0.2653
Profit Margin,0.245376620554,0.00879615153754,0.240609701014,0.229665402099,0.21696599482,0.257378619465,0.264490212574,0.275095290366,0.266441965935,0.216
Free Cash Flow margin,0.245232814682,0.302129248124,0.290241452638,0.2743398233,0.257194331398,0.254632610342,0.243691694858,0.268678856343,0.278607812843,0.2165
EBITDA,848182000.0,767860000.0,696563000.0,657438000.0,584971000.0,569800000.0,580321000.0,594987000.0,500421000.0,454910000.0
EBIT,739774000.0,661858000.0,600114000.0,567451000.0,490740000.0,490105000.0,511490000.0,528600000.0,437863000.0,397638000.0
Consolidated Income,593794000.0,20311000.0,521503000.0,469053000.0,431620000.0,490105000.0,487625000.0,509252000.0,437863000.0,323313000.0
Earnings Before Tax Margin,0.281886782629,0.277641985243,0.276879040224,0.265343244879,0.246684334132,0.257378619465,0.264490212574,0.275095290366,0.266441965935,0.258
Net Profit Margin,0.245376620554,0.00879615153754,0.240609701014,0.229665402099,0.21696599482,0.257378619465,0.264490212574,0.275095290366,0.266441965935,0.2157
