Date,2018-12-31,2017-12-31,2016-12-31,2015-12-31,2014-12-31,2013-12-31,2012-12-31,2011-12-31,2010-12-31,2009-12-31
Revenue,725246000.0,711857000.0,575276000.0,468198000.0,360772000.0,319039000.0,256770000.0,152350000.0,121834000.0,88761000.0
Revenue Growth,0.0188085528413712,0.237418213170722,0.228702386597123,0.297767010743628,0.130808459153897,0.242508860069323,0.685395470955038,0.250471953641841,0.372607338808711,0.8051
Cost of Revenue,0.0,0.0,0.0,0.0,0.0,0.0,0.0,0.0,0.0,0.0
Gross Profit,0.0,0.0,0.0,0.0,0.0,0.0,0.0,0.0,121834000.0,88761000.0
R&D Expenses,0.0,0.0,0.0,0.0,0.0,0.0,0.0,0.0,0.0,0.0
SG&A Expense,297303000.0,289277000.0,227491000.0,184590000.0,149374000.0,133667000.0,109037000.0,51162000.0,42459000.0,32177000.0
Operating Expenses,512396000.0,478196000.0,389495000.0,332832000.0,276860000.0,252252000.0,201000000.0,95689000.0,80358000.0,58473000.0
Operating Income,212850000.0,233661000.0,185781000.0,135366000.0,51422000.0,41530000.0,33772000.0,56661000.0,41476000.0,30288000.0
Interest Expense,49616000.0,46221000.0,31278000.0,23134000.0,18200000.0,11362000.0,12693000.0,0.0,1334000.0,1684000.0
Earnings before Tax,212850000.0,233661000.0,185781000.0,135366000.0,0.0,0.0,0.0,56661000.0,40142000.0,39526000.0
Income Tax Expense,51908000.0,21827000.0,71470000.0,52771000.0,32490000.0,25257000.0,21998000.0,21797000.0,31915000.0,0.0
Net Income - Non-Controlling int,0.0,0.0,0.0,0.0,0.0,0.0,0.0,0.0,0.0,0.0
Net Income - Discontinued ops,0.0,0.0,0.0,0.0,0.0,0.0,0.0,0.0,0.0,0.0
Net Income,161439000.0,211127000.0,113897000.0,82128000.0,51422000.0,41530000.0,33772000.0,34864000.0,8227000.0,39526000.0
Preferred Dividends,0.0,0.0,0.0,0.0,0.0,0.0,0.0,0.0,0.0,0.0
Net Income Com,161439000.0,211127000.0,113897000.0,82128000.0,51422000.0,41530000.0,33772000.0,34864000.0,8227000.0,39526000.0
EPS,5.15,7.03,3.87,2.76,1.6,1.23,1.32,1.61,0.55,2.76
EPS Diluted,4.96,6.56,3.65,2.65,1.58,1.21,1.31,1.6,0.55,2.76
Weighted Average Shs Out,30202000.0,30014000.0,29432000.0,29754000.0,32210000.0,33764233.0,25545028.0,21621534.0,21889855.0,21889855.0
Weighted Average Shs Out (Dil),31384000.0,32205000.0,31172000.0,30949000.0,32624000.0,34335914.0,25845015.0,21747672.0,15033741.0,14306873.0
Dividend per Share,1.00194366556,0.0,0.0,0.0,0.0,0.0,0.0,0.0,0.0,0.0
Gross Margin,0.0,0.0,0.0,0.0,0.0,0.0,0.0,0.0,1.0,1.0
EBITDA Margin,0.502222694093,0.522704700523,0.529079954665,0.716070978518,0.379760624439,0.368873397923,0.341714374732,0.519691499836,0.48,0.61
EBIT Margin,0.293486623849,0.328241486703,0.322942378962,0.289121269207,0.142533234286,0.130172173308,0.131526268645,0.371913357401,0.3404,0.4643
Profit Margin,0.222598952631,0.296586252576,0.197986705512,0.175412966309,0.142533234286,0.130172173308,0.131526268645,0.228841483426,0.068,0.445
Free Cash Flow margin,0.0818398171103,1.49248374322,1.31569542272,-2.86428177822,-2.02904050203,2.60905093108,-3.2861393465,0.35643583853,-1.4107,0.2281
EBITDA,364235000.0,372091000.0,304367000.0,335263000.0,137007000.0,117685000.0,87742000.0,79175000.0,58435000.0,54127000.0
EBIT,212850000.0,233661000.0,185781000.0,135366000.0,51422000.0,41530000.0,33772000.0,56661000.0,41476000.0,41210000.0
Consolidated Income,161439000.0,211127000.0,113897000.0,82128000.0,51422000.0,41530000.0,33772000.0,34864000.0,8227000.0,39526000.0
Earnings Before Tax Margin,0.293486623849,0.328241486703,0.322942378962,0.289121269207,0.0,0.0,0.0,0.371913357401,0.3295,0.4453
Net Profit Margin,0.222598952631,0.296586252576,0.197986705512,0.175412966309,0.142533234286,0.130172173308,0.131526268645,0.228841483426,0.0675,0.4453
