Date,2018-12-31,2017-12-31,2016-12-31,2015-12-31,2014-12-31,2013-12-31,2012-12-31,2011-12-31,2010-12-31,2009-12-31
Revenue,4700499000.0,4316641000.0,4281160000.0,3859826000.0,3343546000.0,2880608000.0,1822099000.0,1421162000.0,680530000.0,523288000.0
Revenue Growth,0.0889251619488394,0.00828770707004644,0.109158806640507,0.154410915836061,0.160708433775092,0.580928368875676,0.282119139126996,1.08831645923031,0.300488449954901,0.0372
Cost of Revenue,0.0,0.0,0.0,0.0,0.0,0.0,0.0,0.0,0.0,42501000.0
Gross Profit,0.0,0.0,0.0,0.0,0.0,0.0,0.0,0.0,0.0,480787000.0
R&D Expenses,0.0,0.0,0.0,0.0,0.0,0.0,0.0,0.0,0.0,0.0
SG&A Expense,252766000.0,244016000.0,310482000.0,294832000.0,285886000.0,216636000.0,194682000.0,154402000.0,109252000.0,49691000.0
Operating Expenses,4277009000.0,4017025000.0,3571907000.0,3223709000.0,2959333000.0,2778363000.0,1636446000.0,1264733000.0,602487000.0,190383000.0
Operating Income,758250000.0,463595000.0,1012397000.0,818344000.0,446745000.0,102245000.0,185653000.0,156429000.0,78043000.0,290404000.0
Interest Expense,8674000.0,20128000.0,-19128000.0,6451000.0,-1267000.0,-7491000.0,7612000.0,1388000.0,364000.0,96856000.0
Earnings before Tax,766924000.0,483723000.0,993269000.0,824795000.0,445478000.0,71223000.0,229496000.0,158496000.0,107246000.0,193437000.0
Income Tax Expense,8674000.0,20128000.0,-19128000.0,6451000.0,-1267000.0,-7491000.0,7612000.0,1388000.0,364000.0,168000.0
Net Income - Non-Controlling int,0.0,0.0,0.0,0.0,0.0,0.0,0.0,0.0,0.0,-342000.0
Net Income - Discontinued ops,0.0,0.0,0.0,0.0,0.0,0.0,0.0,0.0,0.0,-47915000.0
Net Income,758250000.0,463595000.0,1012397000.0,818344000.0,446745000.0,78714000.0,221884000.0,157108000.0,106882000.0,193269000.0
Preferred Dividends,46704000.0,49410000.0,65406000.0,65406000.0,65408000.0,66336000.0,69129000.0,60502000.0,21645000.0,22079000.0
Net Income Com,758250000.0,463595000.0,1012397000.0,818344000.0,446745000.0,78714000.0,221884000.0,157108000.0,106882000.0,171190000.0
EPS,2.03,1.26,2.83,2.35,1.46,0.28,0.99,0.9,0.84,1.5
EPS Diluted,2.02,1.26,2.81,2.34,1.45,0.28,0.98,0.9,0.83,1.49
Weighted Average Shs Out,373620000.0,367237000.0,358275000.0,348240000.0,306272000.0,276929000.0,224343000.0,173741000.0,127656000.0,123011917.0
Weighted Average Shs Out (Dil),373620000.0,367237000.0,358275000.0,348240000.0,306272000.0,276929000.0,224343000.0,173741000.0,127656000.0,114207000.0
Dividend per Share,0.0,0.0,0.0,0.0,0.0,0.0,0.0,0.0,0.0,2.72
Gross Margin,0.0,0.0,0.0,0.0,0.0,0.0,0.0,0.0,0.0,0.9188
EBITDA Margin,0.367687983765,0.324834286659,0.449126638575,0.428411280716,0.388385564308,0.34185907975,0.403154823091,0.418233811487,0.433337251848,0.87
EBIT Margin,0.161312660635,0.107397163674,0.236477263172,0.212015774804,0.133614133019,0.0354942428821,0.101889633878,0.110071195261,0.114679734912,0.5547
Profit Margin,0.161312660635,0.107397163674,0.236477263172,0.212015774804,0.133614133019,0.0273254812873,0.121773844341,0.110548973305,0.157056999691,0.327
Free Cash Flow margin,0.336973585145,0.332243751565,0.380433106915,0.355836765699,0.340557599626,0.343155681023,0.449005789477,0.413903552164,0.535966085257,0.0121
EBITDA,1728317000.0,1402193000.0,1922783000.0,1653593000.0,1298585000.0,984762000.0,734588000.0,594378000.0,294899000.0,455216000.0
EBIT,758250000.0,463595000.0,1012397000.0,818344000.0,446745000.0,102245000.0,185653000.0,156429000.0,78043000.0,290293000.0
Consolidated Income,758250000.0,463595000.0,1012397000.0,818344000.0,446745000.0,78714000.0,221884000.0,157108000.0,106882000.0,192927000.0
Earnings Before Tax Margin,0.16315799663,0.112060048542,0.232009315232,0.213687093667,0.133235194013,0.0247249886135,0.125951443912,0.111525638879,0.157591876919,0.3697
Net Profit Margin,0.161312660635,0.107397163674,0.236477263172,0.212015774804,0.133614133019,0.0273254812873,0.121773844341,0.110548973305,0.157056999691,0.3693
