Date,2018-12-31,2017-12-31,2016-12-31,2015-12-31,2014-12-31,2013-12-31,2012-12-31,2011-12-31,2010-12-31,2009-12-31
Revenue,1033000000.0,88389000000.0,14723000000.0,16028000000.0,17623000000.0,12217000000.0,14303000000.0,0.0,0.0,67018000000.0
Revenue Growth,-0.988313025376461,5.00346396794132,-0.0814200149737959,-0.0905067241672814,0.442498158304003,-0.145843529329511,0.0,0.0,-1,1.5878
Cost of Revenue,0.0,0.0,0.0,0.0,0.0,0.0,0.0,0.0,0.0,0.0
Gross Profit,0.0,0.0,0.0,0.0,0.0,0.0,0.0,0.0,0.0,67018000000.0
R&D Expenses,0.0,0.0,0.0,0.0,0.0,0.0,0.0,0.0,0.0,0.0
SG&A Expense,0.0,0.0,0.0,0.0,0.0,0.0,0.0,27667000000.0,0.0,32100000000.0
Operating Expenses,5476000000.0,5677000000.0,4325000000.0,3046000000.0,2706000000.0,3075000000.0,1674000000.0,29547000000.0,0.0,49020000000.0
Operating Income,28538000000.0,27377000000.0,32120000000.0,33641000000.0,33915000000.0,32629000000.0,28471000000.0,23656000000.0,0.0,17998000000.0
Interest Expense,14652000000.0,9352000000.0,5909000000.0,3976000000.0,4025000000.0,4289000000.0,5161000000.0,6649000000.0,0.0,0.0
Earnings before Tax,28538000000.0,27377000000.0,32120000000.0,33641000000.0,33915000000.0,32629000000.0,28471000000.0,23656000000.0,0.0,17606000000.0
Income Tax Expense,5662000000.0,4917000000.0,10075000000.0,10365000000.0,10307000000.0,10405000000.0,9103000000.0,7445000000.0,0.0,5331000000.0
Net Income - Non-Controlling int,0.0,0.0,0.0,0.0,0.0,0.0,0.0,0.0,0.0,392000000.0
Net Income - Discontinued ops,0.0,0.0,0.0,0.0,0.0,0.0,0.0,0.0,0.0,0.0
Net Income,22393000000.0,22183000000.0,21938000000.0,22894000000.0,23057000000.0,21878000000.0,18897000000.0,15869000000.0,0.0,12275000000.0
Preferred Dividends,1704000000.0,1629000000.0,1565000000.0,1424000000.0,1236000000.0,989000000.0,898000000.0,844000000.0,0.0,4285000000.0
Net Income Com,22393000000.0,22183000000.0,21938000000.0,22894000000.0,23057000000.0,21878000000.0,18897000000.0,15869000000.0,0.0,7990000000.0
EPS,4.31,4.14,4.03,4.18,4.17,3.95,3.4,2.85,0.0,1.76
EPS Diluted,4.28,4.1,3.99,4.12,4.1,3.89,3.36,2.82,0.0,1.75
Weighted Average Shs Out,4799700000.0,4964600000.0,5052800000.0,5136500000.0,5237200000.0,5287300000.0,5287600000.0,5278100000.0,0.0,4685063588.0
Weighted Average Shs Out (Dil),4838400000.0,5017300000.0,5108300000.0,5209800000.0,5324400000.0,5371200000.0,5351500000.0,5323400000.0,0.0,4545200000.0
Dividend per Share,1.58978174603,1.49084168776,1.46271753812,1.42040001536,1.29742318383,1.10831843908,0.853031860226,0.476575121163,0.0,0.49
Gross Margin,0.0,0.0,0.0,0.0,0.0,0.0,0.0,0.0,0.0,1.0
EBITDA Margin,33.0406582769,0.370894568329,2.51918766556,2.30403044672,2.06718492879,2.94032904968,2.18681395511,0.0,0.0,0.305
EBIT Margin,27.6263310745,0.309733111586,2.18162059363,2.09888944347,1.92447369914,2.67078660882,1.99056142068,0.0,0.0,0.2627
Profit Margin,21.6776379477,0.250970143344,1.49004958229,1.42837534315,1.30834704647,1.7907833347,1.32119135846,0.0,0.0,0.119
Free Cash Flow margin,34.9206195547,0.211813687224,0.0114786388644,0.921637135014,0.994666061397,4.71809773267,4.09284765434,0.0,0.0,0.4269
EBITDA,34131000000.0,32783000000.0,37090000000.0,36929000000.0,36430000000.0,35922000000.0,31278000000.0,25864000000.0,0.0,20447000000.0
EBIT,28538000000.0,27377000000.0,32120000000.0,33641000000.0,33915000000.0,32629000000.0,28471000000.0,23656000000.0,0.0,17606000000.0
Consolidated Income,22393000000.0,22183000000.0,21938000000.0,22894000000.0,23057000000.0,21878000000.0,18897000000.0,15869000000.0,0.0,12667000000.0
Earnings Before Tax Margin,27.6263310745,0.309733111586,2.18162059363,2.09888944347,1.92447369914,2.67078660882,1.99056142068,0.0,0.0,0.2627
Net Profit Margin,21.6776379477,0.250970143344,1.49004958229,1.42837534315,1.30834704647,1.7907833347,1.32119135846,0.0,0.0,0.1832
