Date,2018-12-31,2017-12-31,2016-12-31,2015-12-31,2014-12-31,2013-12-31,2012-12-31,2011-12-31,2010-12-31,2009-12-31
Revenue,250821000.0,204369000.0,159344000.0,139626000.0,119297000.0,106746000.0,102506000.0,94558000.0,80420000.0,65715000.0
Revenue Growth,0.22729474626778,0.282564765538709,0.141220116597195,0.170406632186895,0.117578176231428,0.0413634323844458,0.0840542312654667,0.175802039293708,0.22376930685536,
Cost of Revenue,169497000.0,141815000.0,114867000.0,100101000.0,88602000.0,67897000.0,57933000.0,54586000.0,45469000.0,38097000.0
Gross Profit,81324000.0,62554000.0,44477000.0,39525000.0,30695000.0,38849000.0,44573000.0,39972000.0,34951000.0,27618000.0
R&D Expenses,31372000.0,26754000.0,22126000.0,19147000.0,14879000.0,11432000.0,10772000.0,9433000.0,8475000.0,7374000.0
SG&A Expense,52949000.0,56501000.0,48448000.0,42009000.0,33842000.0,29311000.0,22955000.0,19362000.0,16630000.0,14115000.0
Operating Expenses,84321000.0,83255000.0,70574000.0,61156000.0,48721000.0,40743000.0,33727000.0,28795000.0,27596000.0,25337000.0
Operating Income,-2997000.0,-20701000.0,-26097000.0,-21631000.0,-18026000.0,-1894000.0,10846000.0,11177000.0,7355000.0,2281000.0
Interest Expense,0.0,0.0,0.0,0.0,0.0,0.0,0.0,0.0,0.0,0.0
Earnings before Tax,-4884000.0,-20854000.0,-26556000.0,-21697000.0,-18067000.0,-1857000.0,10989000.0,11001000.0,6671000.0,1733000.0
Income Tax Expense,-5153000.0,-2078000.0,427000.0,481000.0,700000.0,1286000.0,2965000.0,4064000.0,-8903000.0,985000.0
Net Income - Non-Controlling int,0.0,0.0,0.0,0.0,0.0,0.0,0.0,0.0,547000.0,394000.0
Net Income - Discontinued ops,0.0,0.0,0.0,0.0,0.0,0.0,0.0,0.0,0.0,0.0
Net Income,-1220000.0,-19366000.0,-27331000.0,-22292000.0,-19521000.0,-3793000.0,7295000.0,6295000.0,15574000.0,748000.0
Preferred Dividends,0.0,0.0,0.0,0.0,0.0,0.0,0.0,0.0,5020000.0,5259000.0
Net Income Com,-1220000.0,-19366000.0,-27331000.0,-22292000.0,-19521000.0,-3793000.0,7295000.0,6295000.0,10554000.0,-4511000.0
EPS,-0.03,-0.49,-0.72,-0.6,-0.55,-0.11,0.21,0.19,1.81,-0.78
EPS Diluted,-0.03,-0.49,-0.72,-0.6,-0.55,-0.11,0.2,0.17,0.49,-0.78
Weighted Average Shs Out,42066.0,39824.0,38025000.0,36849000.0,35753000.0,35578000.0,34774000.0,24014000.0,,
Weighted Average Shs Out (Dil),42066.0,39824.0,38025000.0,36849000.0,35753000.0,35578000.0,37317000.0,27481000.0,5834000.0,5801000.0
Dividend per Share,0.0,0.0,0.0,0.0,0.0,0.0,0.0,0.0,0.0,0.0
Gross Margin,0.324231224658,0.306083603678,0.279125665227,0.283077650294,0.257299010034,0.363938695595,0.434833082941,0.422724676918,0.4346,0.4203
EBITDA Margin,0.326172848366,0.253923050952,0.166639471835,0.144944351339,0.110111737931,0.180765555618,0.272247478196,0.265794538802,0.207,0.128
EBIT Margin,-0.0119487602713,-0.101292270354,-0.163777738729,-0.154921003252,-0.151101871799,-0.0177430536039,0.105808440482,0.118202584657,0.083,0.0264
Profit Margin,-0.00486402653685,-0.0947599684884,-0.17152199016,-0.159655078567,-0.163633620292,-0.0355329473704,0.0711665658596,0.0665728970579,0.131,-0.069
Free Cash Flow margin,-0.0614342499233,0.119489746488,0.0497916457476,-0.0325225960781,-0.416925823784,-0.0827103591704,0.064347452832,0.133378455551,0.1605,0.1552
EBITDA,81811000.0,51894000.0,26553000.0,20238000.0,13136000.0,19296000.0,27907000.0,25133000.0,16673000.0,8391000.0
EBIT,-2997000.0,-20701000.0,-26097000.0,-21631000.0,-18026000.0,-1894000.0,10846000.0,11177000.0,6671000.0,1733000.0
Consolidated Income,-1220000.0,-19366000.0,-27331000.0,-22292000.0,-19521000.0,-3793000.0,7295000.0,6295000.0,16121000.0,1142000.0
Earnings Before Tax Margin,-0.0194720537754,-0.102040916186,-0.166658299026,-0.155393694584,-0.151445551858,-0.0173964364004,0.107203480772,0.116341293175,0.083,0.0264
Net Profit Margin,-0.00486402653685,-0.0947599684884,-0.17152199016,-0.159655078567,-0.163633620292,-0.0355329473704,0.0711665658596,0.0665728970579,0.1937,0.0114
