Date,2019-03-31,2018-03-31,2017-03-31,2016-03-31,2015-03-31,2014-03-31,2013-03-31,2012-03-31,2011-03-31,2010-03-31
Revenue,809120000.0,757956000.0,602546000.0,562179000.0,533893000.0,502621000.0,460263000.0,474122000.0,616251000.0,582461000.0
Revenue Growth,0.067502599095462,0.257922216727022,0.0718045320084884,0.0529806534268102,0.0622178540092833,0.0920299915483104,-0.0292308730664259,-0.230634919862199,0.0580124677875429,0.1182
Cost of Revenue,518236000.0,503130000.0,403324000.0,365360000.0,342715000.0,327680000.0,311006000.0,340951000.0,490021000.0,439248000.0
Gross Profit,290884000.0,254826000.0,199222000.0,196819000.0,191178000.0,174941000.0,149257000.0,133171000.0,126230000.0,143213000.0
R&D Expenses,0.0,0.0,0.0,0.0,0.0,0.0,0.0,0.0,0.0,0.0
SG&A Expense,159834000.0,159393000.0,124373000.0,109746000.0,101086000.0,90620000.0,87282000.0,77680000.0,79817000.0,86231000.0
Operating Expenses,161023000.0,163668000.0,157896000.0,126450000.0,113366000.0,104884000.0,108865000.0,107113000.0,110502000.0,125705000.0
Operating Income,129861000.0,91158000.0,41326000.0,70369000.0,77812000.0,70057000.0,40392000.0,26058000.0,15728000.0,17508000.0
Interest Expense,3204000.0,4264000.0,547000.0,278000.0,1332000.0,2948000.0,3633000.0,4017000.0,11446000.0,13823000.0
Earnings before Tax,131152000.0,101867000.0,55293000.0,81060000.0,81031000.0,55936000.0,31263000.0,23989000.0,19405000.0,4708000.0
Income Tax Expense,25719000.0,15431000.0,17530000.0,21180000.0,22417000.0,14289000.0,9864000.0,11456000.0,1492000.0,998000.0
Net Income - Non-Controlling int,0.0,0.0,0.0,0.0,0.0,0.0,0.0,0.0,0.0,-1023000.0
Net Income - Discontinued ops,0.0,0.0,0.0,0.0,0.0,0.0,0.0,0.0,0.0,0.0
Net Income,105433000.0,86436000.0,37763000.0,59880000.0,58614000.0,41647000.0,21399000.0,12533000.0,17913000.0,3710000.0
Preferred Dividends,0.0,0.0,0.0,0.0,0.0,0.0,0.0,0.0,0.0,0.0
Net Income Com,105433000.0,86436000.0,37763000.0,59880000.0,58614000.0,41647000.0,21399000.0,12533000.0,17913000.0,3710000.0
EPS,2.1,1.72,0.75,1.17,1.14,0.82,0.43,0.28,0.4,0.09
EPS Diluted,2.02,1.63,0.71,1.12,1.1,0.79,0.41,0.27,0.4,0.08
Weighted Average Shs Out,50434080.0,50012559.0,52406304.0,51950662.0,51347538.0,50588044.0,50078881.0,44443726.0,43743953.0,42607403.0
Weighted Average Shs Out (Dil),50434080.0,50012559.0,52406304.0,51950662.0,51347538.0,50588044.0,50078881.0,44443726.0,43743953.0,42607403.0
Dividend per Share,0.0,0.0,0.0,0.0,0.0,0.0,0.0,0.0,0.0,0.0
Gross Margin,0.3595,0.3362,0.3306,0.3501,0.3581,0.3481,0.3243,0.2809,0.2048,0.2459
EBITDA Margin,0.211,0.187,0.155,0.217,0.227,0.192,0.165,0.155,0.13,0.124
EBIT Margin,0.1661,0.14,0.0927,0.1447,0.1543,0.1172,0.0758,0.0591,0.0501,0.0318
Profit Margin,0.13,0.114,0.063,0.107,0.11,0.083,0.046,0.026,0.029,0.006
Free Cash Flow margin,0.1452,0.1359,0.1157,0.1347,0.1371,0.1231,0.0955,0.0764,0.0338,0.0716
EBITDA,170473000.0,141590000.0,93282000.0,121971000.0,120942000.0,96633000.0,75955000.0,73442000.0,80280000.0,72105000.0
EBIT,134356000.0,106131000.0,55840000.0,81338000.0,82363000.0,58884000.0,34896000.0,28006000.0,30851000.0,18531000.0
Consolidated Income,105433000.0,86436000.0,37763000.0,59880000.0,58614000.0,41647000.0,21399000.0,12533000.0,17913000.0,2687000.0
Earnings Before Tax Margin,0.1621,0.1344,0.0918,0.1442,0.1518,0.1113,0.0679,0.0506,0.0315,0.0081
Net Profit Margin,0.1303,0.114,0.0627,0.1065,0.1098,0.0829,0.0465,0.0264,0.0291,0.0064
