Date,2018-12-31,2017-12-31,2016-12-31,2015-12-31,2014-12-31,2013-12-31,2012-12-31,2011-12-31,2010-12-31,2009-12-31
Revenue,181444000.0,449379000.0,418131000.0,382090000.0,340758000.0,300390000.0,297057000.0,250169000.0,206730000.0,146384000.0
Revenue Growth,-0.59623391391231,0.0747325598915173,0.0943259441492842,0.121294290963088,0.134385299111155,0.0112200688756703,0.187425300496864,0.210124316741644,0.412244507596459,-0.1588
Cost of Revenue,154524000.0,422303000.0,390800000.0,355517000.0,315948000.0,276035000.0,273165000.0,226928000.0,186720000.0,130791000.0
Gross Profit,26920000.0,27076000.0,27331000.0,26573000.0,24810000.0,24355000.0,23892000.0,23241000.0,20010000.0,15593000.0
R&D Expenses,0.0,0.0,0.0,0.0,0.0,0.0,0.0,0.0,0.0,0.0
SG&A Expense,20319000.0,19263000.0,18715000.0,18063000.0,16513000.0,15505000.0,15377000.0,14623000.0,13207000.0,11319000.0
Operating Expenses,20319000.0,19263000.0,18715000.0,18063000.0,16513000.0,15505000.0,15377000.0,14623000.0,13207000.0,11319000.0
Operating Income,4155000.0,7813000.0,8616000.0,8510000.0,8297000.0,8850000.0,8515000.0,8618000.0,6803000.0,4274000.0
Interest Expense,100000.0,100000.0,0.0,0.0,10000.0,10000.0,0.0,0.0,0.0,0.0
Earnings before Tax,5117000.0,8553000.0,8933000.0,8858000.0,8758000.0,9412000.0,9089000.0,8987000.0,7210000.0,4795000.0
Income Tax Expense,1579000.0,3491000.0,3032000.0,3028000.0,2998000.0,3019000.0,3600000.0,3448000.0,2789000.0,1928000.0
Net Income - Non-Controlling int,0.0,0.0,0.0,0.0,0.0,0.0,0.0,0.0,0.0,0.0
Net Income - Discontinued ops,0.0,0.0,0.0,0.0,0.0,0.0,0.0,0.0,0.0,0.0
Net Income,3538000.0,5062000.0,5901000.0,5830000.0,5760000.0,6393000.0,5489000.0,5539000.0,4421000.0,2867000.0
Preferred Dividends,0.0,0.0,0.0,0.0,0.0,0.0,0.0,0.0,0.0,0.0
Net Income Com,3538000.0,5062000.0,5901000.0,5830000.0,5760000.0,6393000.0,5489000.0,5539000.0,4421000.0,2867000.0
EPS,0.78,1.13,1.31,1.26,1.24,1.44,1.23,1.26,1.01,0.65
EPS Diluted,0.78,1.13,1.31,1.25,1.23,1.41,1.19,1.2,0.98,0.65
Weighted Average Shs Out,4358000.0,4299000.0,4503.0,4634.0,4661.0,4454.0,4476.0,4412000.0,4780598.0,4761314.0
Weighted Average Shs Out (Dil),4358000.0,4299000.0,4514.0,4653.0,4702.0,4526.0,4628.0,4606000.0,4386000.0,4399000.0
Dividend per Share,0.703533731069,0.710630379158,708.68409393,696.754781861,686.941726925,665.930181175,646.283491789,0.648719062093,0.61,0.6
Gross Margin,0.148365335861,0.0602520366995,0.0653646823603,0.0695464419378,0.0728082686247,0.0810779320217,0.0804290085741,0.0929011987896,0.0968,0.1065
EBITDA Margin,0.0207667379467,0.0184476800207,0.0213138944493,0.0229343871863,0.0250118852676,0.0303738473318,0.0296811723003,0.0357478344639,0.036,0.035
EBIT Margin,0.0228996274333,0.0173862151992,0.0206059823357,0.0222722395247,0.0243486579919,0.0294616997903,0.0286645323961,0.0344487126702,0.0349,0.0328
Profit Margin,0.0194991292079,0.0112644338075,0.0141128019688,0.0152581852443,0.0169034916275,0.0212823329671,0.0184779352111,0.0221410326619,0.021,0.02
Free Cash Flow margin,0.0751471528405,-0.00529619764163,-0.00372132178671,0.0208982176974,0.0159468009555,0.0336862079297,0.010637689063,0.0138586315651,0.0133,0.0056
EBITDA,3768000.0,8290000.0,8912000.0,8763000.0,8523000.0,9124000.0,8817000.0,8943000.0,7527000.0,5092000.0
EBIT,4155000.0,7813000.0,8616000.0,8510000.0,8297000.0,8850000.0,8515000.0,8618000.0,7210000.0,4795000.0
Consolidated Income,3538000.0,5062000.0,5901000.0,5830000.0,5760000.0,6393000.0,5489000.0,5539000.0,4421000.0,2867000.0
Earnings Before Tax Margin,0.0282015387668,0.019032932113,0.0213641179439,0.0231830197074,0.0257015242489,0.0313326009521,0.0305968214854,0.0359237155683,0.0349,0.0328
Net Profit Margin,0.0194991292079,0.0112644338075,0.0141128019688,0.0152581852443,0.0169034916275,0.0212823329671,0.0184779352111,0.0221410326619,0.0214,0.0196
