Date,2018-12-31,2017-12-31,2016-12-31,2015-12-31,2014-12-31,2013-12-31,2012-12-31,2011-12-31,2010-12-31,2009-12-31
Revenue,0.0,0.0,0.0,0.0,0.0,0.0,0.0,0.0,0.0,4673169.0
Revenue Growth,0.0,0.0,0.0,0.0,0.0,0.0,0.0,0.0,-1,-0.7481
Cost of Revenue,0.0,0.0,0.0,0.0,0.0,0.0,9012951.0,2847053.0,3719159.0,8084038.0
Gross Profit,0.0,0.0,0.0,0.0,0.0,0.0,-9012951.0,0.0,-3719159.0,-3410869.0
R&D Expenses,3538000.0,0.0,0.0,0.0,0.0,0.0,0.0,17918.0,0.0,0.0
SG&A Expense,7357000.0,6614000.0,7650000.0,7488000.0,9132000.0,9707000.0,10399084.0,9049233.0,8286672.0,6624023.0
Operating Expenses,36049000.0,8798000.0,8377000.0,11322000.0,9888000.0,10545000.0,10559831.0,9067151.0,8430033.0,6766554.0
Operating Income,-35684000.0,-8798000.0,-8377000.0,-11322000.0,-9888000.0,-10545000.0,-19572782.0,-11375749.0,-12149192.0,-10177423.0
Interest Expense,0.0,0.0,2800000.0,2645000.0,2368000.0,408000.0,50880.0,0.0,25362.0,40637.0
Earnings before Tax,-35684000.0,-19288000.0,-19605000.0,-15143000.0,-10684000.0,-20294000.0,-19360853.0,-11199397.0,-11803719.0,-10065862.0
Income Tax Expense,0.0,0.0,0.0,0.0,0.0,0.0,0.0,0.0,0.0,0.0
Net Income - Non-Controlling int,0.0,0.0,0.0,0.0,0.0,0.0,0.0,0.0,0.0,0.0
Net Income - Discontinued ops,0.0,0.0,0.0,0.0,0.0,0.0,0.0,0.0,0.0,0.0
Net Income,-35684000.0,-19288000.0,-19605000.0,-15143000.0,-10684000.0,-20294000.0,-19360853.0,-11199397.0,-11803719.0,-10065862.0
Preferred Dividends,0.0,0.0,0.0,0.0,0.0,0.0,0.0,0.0,0.0,0.0
Net Income Com,-35684000.0,-19288000.0,-19605000.0,-15143000.0,-10684000.0,-20294000.0,-19360853.0,-11199397.0,-11803719.0,-10065862.0
EPS,-0.77,-39.0,-186.5,-281.5,-264.0,-636.0,-948.0,-0.12,-978.0,-1080.0
EPS Diluted,-0.77,-39.0,-186.5,-281.5,-264.0,-636.0,-948.0,-0.12,-978.0,-1080.0
Weighted Average Shs Out,46384357.0,552252.0,267667.0,84593.0,42034.0,33500.0,26837.0,0.0,15414.0,9464.0
Weighted Average Shs Out (Dil),46384357.0,494739.0,105039.0,53811.0,40471.0,31985.0,20396.0,0.0,12052.0,9464.0
Dividend per Share,0.0,0.0,0.0,0.0,0.0,0.0,0.0,0.0,0.0,0.0
Gross Margin,0.0,0.0,0.0,0.0,0.0,0.0,0.0,0.0,0.0,-0.7299
EBITDA Margin,0.0,,,,,,,0.0,,
EBIT Margin,0.0,0.0,0.0,0.0,0.0,0.0,0.0,0.0,0.0,-2.1453
Profit Margin,0.0,,,,,,,0.0,,
Free Cash Flow margin,0.0,0.0,0.0,0.0,0.0,0.0,0.0,0.0,0.0,-1.2206
EBITDA,-36225000.0,-19146000.0,-16558000.0,-12162000.0,-7985000.0,-19438000.0,-18752980.0,-10648504.0,-10878619.0,-8793082.0
EBIT,-35684000.0,-19288000.0,-16805000.0,-12498000.0,-8316000.0,-19886000.0,-19309973.0,-11375749.0,-11778357.0,-10025225.0
Consolidated Income,-35684000.0,-19288000.0,-19605000.0,-15143000.0,-10684000.0,-20294000.0,-19360853.0,-11199397.0,-11803719.0,-10065862.0
Earnings Before Tax Margin,0.0,0.0,0.0,0.0,0.0,0.0,0.0,0.0,0.0,-2.154
Net Profit Margin,0.0,0.0,0.0,0.0,0.0,0.0,0.0,0.0,0.0,-2.154
