Date,2018-12-31,2017-12-31,2016-12-31,2015-12-31,2014-12-31,2013-12-31,2012-12-31,2011-12-31,2010-12-31,2009-12-31
Revenue,4218000000.0,3722000000.0,3574000000.0,3650000000.0,1670572000.0,1038159000.0,996168000.0,983488000.0,956848000.0,738482000.0
Revenue Growth,0.133261687264911,0.0414101846670397,-0.0208219178082192,1.1848803882742,0.609167767172466,0.0421525284891705,0.0128928873560226,0.027841412638162,0.295695765096509,-0.2439
Cost of Revenue,2237000000.0,2012000000.0,1932000000.0,2006000000.0,892547000.0,534549000.0,504524000.0,496719000.0,495979000.0,420895000.0
Gross Profit,1981000000.0,1710000000.0,1642000000.0,1644000000.0,778025000.0,503610000.0,491644000.0,486769000.0,460869000.0,317587000.0
R&D Expenses,444000000.0,389000000.0,376000000.0,394000000.0,151103000.0,91147000.0,87364000.0,89926000.0,101930000.0,66477000.0
SG&A Expense,811000000.0,749000000.0,751000000.0,777000000.0,351518000.0,234236000.0,222073000.0,209446000.0,202399000.0,167975000.0
Operating Expenses,1371000000.0,1388000000.0,1562000000.0,1607000000.0,689435000.0,343346000.0,327293000.0,304733000.0,317017000.0,247308000.0
Operating Income,610000000.0,322000000.0,80000000.0,37000000.0,88590000.0,160264000.0,164351000.0,182036000.0,143852000.0,70279000.0
Interest Expense,91000000.0,227000000.0,193000000.0,193000000.0,56836000.0,0.0,0.0,0.0,0.0,0.0
Earnings before Tax,524000000.0,88000000.0,-129000000.0,-180000000.0,16629000.0,163827000.0,164174000.0,179719000.0,144935000.0,70932000.0
Income Tax Expense,103000000.0,71000000.0,8000000.0,-22000000.0,-15800000.0,29602000.0,42277000.0,49376000.0,43157000.0,23828000.0
Net Income - Non-Controlling int,0.0,0.0,0.0,0.0,0.0,0.0,0.0,0.0,0.0,0.0
Net Income - Discontinued ops,0.0,0.0,0.0,0.0,0.0,0.0,0.0,0.0,0.0,1387000.0
Net Income,421000000.0,17000000.0,-137000000.0,-158000000.0,32429000.0,134358000.0,122904000.0,174643000.0,101778000.0,47104000.0
Preferred Dividends,0.0,0.0,0.0,0.0,0.0,0.0,0.0,0.0,0.0,0.0
Net Income Com,421000000.0,17000000.0,-137000000.0,-158000000.0,32429000.0,134358000.0,122904000.0,174643000.0,101778000.0,47104000.0
EPS,7.86,0.33,-2.65,-3.1,0.64,2.65,2.38,3.24,1.78,0.79
EPS Diluted,7.76,0.32,-2.65,-3.1,0.63,2.63,2.37,3.22,1.77,0.79
Weighted Average Shs Out,53591655.0,53021761.0,51579112.0,50996297.0,50789000.0,50693000.0,51566000.0,53854000.0,57143000.0,58809120.0
Weighted Average Shs Out (Dil),54299812.0,53688832.0,51579112.0,50996297.0,51380000.0,51063000.0,51843000.0,54191000.0,57428000.0,59306000.0
Dividend per Share,0.0,0.0,0.0,0.0,0.0,0.0,0.0,0.0,0.0,0.0
Gross Margin,0.469653864391,0.459430413756,0.459429210968,0.450410958904,0.465723716188,0.485099103317,0.49353522699,0.494941473612,0.481653303346,0.4301
EBITDA Margin,0.189900426743,0.184846856529,0.113878007834,0.102191780822,0.103003043269,0.185303021984,0.191260911814,0.209495184486,0.182955913583,0.141
EBIT Margin,0.144618302513,0.0865126276196,0.0223838836038,0.0101369863014,0.0530297407116,0.154373270376,0.164983215682,0.185092243118,0.150339447854,0.0961
Profit Margin,0.0998103366524,0.0045674368619,-0.0383324006715,-0.0432876712329,0.0194119140031,0.129419481987,0.12337677982,0.177575120388,0.106367991572,0.064
Free Cash Flow margin,0.170934091987,0.114991939817,0.082540570789,-0.00328767123288,0.12512720194,0.168138984491,0.161506894419,0.0535878424546,0.114686972225,0.1094
EBITDA,801000000.0,688000000.0,407000000.0,373000000.0,172074000.0,192374000.0,190528000.0,206036000.0,175061000.0,103845000.0
EBIT,610000000.0,322000000.0,80000000.0,37000000.0,88590000.0,160264000.0,164351000.0,182036000.0,143852000.0,70932000.0
Consolidated Income,421000000.0,17000000.0,-137000000.0,-158000000.0,32429000.0,134358000.0,122904000.0,174643000.0,101778000.0,47104000.0
Earnings Before Tax Margin,0.124229492651,0.0236432025793,-0.0360940123111,-0.0493150684932,0.00995407561003,0.15780530728,0.164805534809,0.182736342487,0.151471289066,0.0961
Net Profit Margin,0.0998103366524,0.0045674368619,-0.0383324006715,-0.0432876712329,0.0194119140031,0.129419481987,0.12337677982,0.177575120388,0.106367991572,0.0638
