Date,2018-12-31,2017-12-31,2016-12-31,2015-12-31,2014-12-31,2013-12-31,2012-12-31,2011-12-31,2010-12-31,2009-12-31
Revenue,0.0,9821000.0,28850000.0,27182000.0,40531000.0,33012000.0,44326000.0,37576000.0,23442000.0,0.0
Revenue Growth,-1,-0.659584055459272,0.0613641380325215,-0.329352841035257,0.227765660971768,-0.255245228534043,0.179635937832659,0.602934903165259,0.0,0.0
Cost of Revenue,0.0,10729000.0,0.0,0.0,15817000.0,21241000.0,19496000.0,19293000.0,12846000.0,0.0
Gross Profit,0.0,-908000.0,0.0,0.0,24714000.0,11771000.0,24830000.0,18283000.0,10596000.0,0.0
R&D Expenses,100925000.0,67449000.0,41840000.0,27860000.0,18936000.0,12805000.0,21414000.0,33043000.0,28643000.0,21438000.0
SG&A Expense,38950000.0,25885000.0,26996000.0,26347000.0,88899000.0,50040000.0,49494000.0,60459000.0,51270000.0,14102000.0
Operating Expenses,141175000.0,129757000.0,101535000.0,74908000.0,107835000.0,86204000.0,91757000.0,114000000.0,80756000.0,35540000.0
Operating Income,-141175000.0,-119936000.0,-72685000.0,-47726000.0,-20039000.0,-53192000.0,-47431000.0,-76424000.0,-70160000.0,-35540000.0
Interest Expense,0.0,0.0,0.0,0.0,3090000.0,6610000.0,10313000.0,7644000.0,10013000.0,9188000.0
Earnings before Tax,-123716000.0,-126022000.0,-69634000.0,-57605000.0,8671000.0,0.0,0.0,-83912000.0,-73554000.0,-45889000.0
Income Tax Expense,0.0,0.0,-948000.0,-15901000.0,84000.0,0.0,5000.0,-9000.0,10000.0,0.0
Net Income - Non-Controlling int,0.0,0.0,0.0,0.0,0.0,0.0,0.0,0.0,0.0,0.0
Net Income - Discontinued ops,0.0,0.0,0.0,0.0,0.0,0.0,0.0,0.0,0.0,0.0
Net Income,-123914000.0,-126817000.0,-69707000.0,26144000.0,8587000.0,-80856000.0,-47386000.0,-83903000.0,-73564000.0,-45889000.0
Preferred Dividends,0.0,0.0,0.0,0.0,0.0,0.0,0.0,0.0,0.0,0.0
Net Income Com,-123914000.0,-126817000.0,-69707000.0,26144000.0,8587000.0,-80856000.0,-47386000.0,-83903000.0,-73564000.0,-45889000.0
EPS,-3.27,-4.65,-2.81,1.22,0.06,-0.74,-0.59,-1.96,-141.04,-327.76
EPS Diluted,-3.27,-4.65,-2.81,1.22,0.06,-0.74,-0.59,-1.96,-141.04,-327.76
Weighted Average Shs Out,37884000.0,27301000.0,24785000.0,21449000.0,142607000.0,108568000.0,80558000.0,42712000.0,4252685.0,
Weighted Average Shs Out (Dil),37884000.0,27301000.0,24785000.0,21449000.0,145046000.0,108568000.0,80558000.0,42712000.0,521625.0,140000.0
Dividend per Share,0.0,0.0,0.0,0.0,0.0,0.0,0.0,0.0,0.0,0.0
Gross Margin,0.0,-0.0924549434884,0.0,0.0,0.609755495793,0.356567308857,0.560167847313,0.486560570577,0.452,0.0
EBITDA Margin,0.0,-12.0786070665,-2.4364644714,-1.66705908322,-0.44304359626,-1.53934932752,-0.988471777286,-1.94398020013,,
EBIT Margin,0.0,-12.2121983505,-2.51941074523,-1.75579427562,-0.494411684883,-1.6112928632,-1.07004918107,-2.03385139451,-2.7106,0.0
Profit Margin,0.0,-12.912839833,-2.41618717504,0.961812964462,0.211862524981,-2.44929116685,-1.06903397554,-2.23288801363,,
Free Cash Flow margin,0.0,-7.73342836778,-2.52974003466,-2.38797733794,-1.99694061336,-1.38525384709,-1.18429364256,-2.15797317437,-3.2162,0.0
EBITDA,-138977000.0,-118624000.0,-70292000.0,-45314000.0,-17957000.0,-50817000.0,-43815000.0,-73047000.0,-62113000.0,-35684000.0
EBIT,-141175000.0,-119936000.0,-72685000.0,-47726000.0,-20039000.0,-53192000.0,-47431000.0,-76424000.0,-63541000.0,-36701000.0
Consolidated Income,-123914000.0,-126817000.0,-69707000.0,26144000.0,8587000.0,-80856000.0,-47386000.0,-83903000.0,-73564000.0,-45889000.0
Earnings Before Tax Margin,0.0,-12.8318908461,-2.41365684575,-2.11923331617,0.213935012706,0.0,0.0,-2.23312752821,-3.1377,0.0
Net Profit Margin,0.0,-12.912839833,-2.41618717504,0.961812964462,0.211862524981,-2.44929116685,-1.06903397554,-2.23288801363,-3.1381,0.0
