Date,2018-12-31,2017-12-31,2016-12-31,2015-12-31,2014-12-31,2013-12-31,2012-12-31,2011-12-31,2010-12-31,2009-12-31
Revenue,146000.0,6389000.0,6861000.0,4332000.0,1373000.0,800000.0,800000.0,667000.0,0.0,0.0
Revenue Growth,-0.977148223509156,-0.0687946363503862,0.583795013850416,2.1551347414421,0.71625,0,0.199400299850075,0.0,0.0,0.0
Cost of Revenue,54052000.0,59882000.0,172168000.0,124432000.0,44872000.0,58513000.0,102969000.0,72067000.0,0.0,0.0
Gross Profit,-53906000.0,-53493000.0,-165307000.0,-120100000.0,-43499000.0,-57713000.0,-102169000.0,-71400000.0,0.0,0.0
R&D Expenses,34134000.0,45084000.0,157791000.0,106785000.0,32706000.0,42852000.0,83446000.0,57083000.0,12910000.0,4556000.0
SG&A Expense,19918000.0,14798000.0,14377000.0,17647000.0,12166000.0,15661000.0,19523000.0,14984000.0,11636000.0,7567000.0
Operating Expenses,54052000.0,59882000.0,172168000.0,124432000.0,44872000.0,58513000.0,102969000.0,72067000.0,24546000.0,12123000.0
Operating Income,-53906000.0,-53493000.0,-165307000.0,-120100000.0,-43499000.0,-57713000.0,-102169000.0,-71400000.0,-24546000.0,-12123000.0
Interest Expense,0.0,0.0,0.0,0.0,0.0,0.0,0.0,0.0,0.0,0.0
Earnings before Tax,0.0,0.0,0.0,0.0,0.0,0.0,0.0,0.0,-32670000.0,-7649000.0
Income Tax Expense,0.0,0.0,0.0,0.0,0.0,0.0,0.0,0.0,0.0,0.0
Net Income - Non-Controlling int,0.0,0.0,0.0,0.0,0.0,0.0,0.0,0.0,0.0,0.0
Net Income - Discontinued ops,0.0,0.0,0.0,0.0,0.0,0.0,0.0,0.0,0.0,0.0
Net Income,-53117000.0,-54323000.0,-165297000.0,-120088000.0,-31781000.0,-57107000.0,-96132000.0,-63778000.0,-32670000.0,-7649000.0
Preferred Dividends,16998000.0,18938000.0,7123000.0,0.0,0.0,0.0,0.0,0.0,0.0,0.0
Net Income Com,-53117000.0,-54323000.0,-165297000.0,-120088000.0,-31781000.0,-57107000.0,-96132000.0,-63778000.0,-32670000.0,-7649000.0
EPS,0.96,-0.53,-1.32,-0.96,-0.31,-0.66,-1.22,-0.97,-0.71,-0.33
EPS Diluted,0.96,-0.53,-1.32,-0.96,-0.31,-0.66,-1.22,-0.97,-0.71,-0.33
Weighted Average Shs Out,143508674.0,136938264.0,130391463.0,125416084.0,101130710.0,85943175.0,78546112.0,66003789.0,48557678.0,25571301.0
Weighted Average Shs Out (Dil),143710160.0,136938264.0,130391463.0,125416084.0,101130710.0,85943175.0,78546112.0,66003789.0,46003996.0,23108039.0
Dividend per Share,0.0,0.0,0.0,0.0,0.0,0.0,0.0,0.0,0.0,0.0
Gross Margin,-369.219178082,-8.37267177962,-24.0937181169,-27.7239150508,-31.6817188638,-72.14125,-127.71125,-107.046476762,0.0,0.0
EBITDA Margin,-365.280821918,-8.31491626233,-24.0514502259,-27.6415050785,-31.3452294246,-71.21875,-126.88875,-106.644677661,,
EBIT Margin,-369.219178082,-8.37267177962,-24.0937181169,-27.7239150508,-31.6817188638,-72.14125,-127.71125,-107.046476762,0.0,0.0
Profit Margin,-363.815068493,-8.50258256378,-24.0922606034,-27.7211449677,-23.1471230881,-71.38375,-120.165,-95.6191904048,,
Free Cash Flow margin,-341.890410959,-8.67209265926,-8.58125637662,-0.0974145891043,-26.8339402768,-74.55125,-100.48875,-59.9565217391,0.0,0.0
EBITDA,-53331000.0,-53124000.0,-165017000.0,-119743000.0,-43037000.0,-56975000.0,-101511000.0,-71132000.0,-32482000.0,-7319000.0
EBIT,-53906000.0,-53493000.0,-165307000.0,-120100000.0,-43499000.0,-57713000.0,-102169000.0,-71400000.0,-32670000.0,-7649000.0
Consolidated Income,-53117000.0,-54323000.0,-165297000.0,-120088000.0,-31781000.0,-57107000.0,-96132000.0,-63778000.0,-32670000.0,-7649000.0
Earnings Before Tax Margin,0.0,0.0,0.0,0.0,0.0,0.0,0.0,0.0,0.0,0.0
Net Profit Margin,-363.815068493,-8.50258256378,-24.0922606034,-27.7211449677,-23.1471230881,-71.38375,-120.165,-95.6191904048,0.0,0.0
