Date,2018-12-31,2017-12-31,2016-12-31,2015-12-31,2014-12-31,2013-12-31,2012-12-31,2011-12-31,2010-12-31,2009-12-31
Revenue,5825000000.0,5307000000.0,4888000000.0,4765000000.0,4785000000.0,4561000000.0,4336000000.0,4233000000.0,3582000000.0,2760000000.0
Revenue Growth,0.0976069342377991,0.0857201309328969,0.025813221406086,-0.00417972831765935,0.0491120368340276,0.0518911439114391,0.0243326246161115,0.181742043551089,0.297826086956522,
Cost of Revenue,1911000000.0,1775000000.0,1666000000.0,1738000000.0,1717000000.0,1669000000.0,1563000000.0,1652000000.0,1444000000.0,1078000000.0
Gross Profit,2271000000.0,2055000000.0,1896000000.0,1777000000.0,3068000000.0,2892000000.0,2773000000.0,2581000000.0,2138000000.0,1682000000.0
R&D Expenses,432000000.0,382000000.0,376000000.0,364000000.0,396000000.0,399000000.0,409000000.0,427000000.0,411000000.0,368000000.0
SG&A Expense,1484000000.0,1334000000.0,1364000000.0,1532000000.0,1643000000.0,1613000000.0,1470000000.0,1453000000.0,1382000000.0,1066000000.0
Operating Expenses,1916000000.0,1716000000.0,1740000000.0,1896000000.0,2039000000.0,2012000000.0,2032000000.0,2151000000.0,1960000000.0,1830000000.0
Operating Income,1690000000.0,1525000000.0,1228000000.0,545000000.0,820000000.0,690000000.0,741000000.0,430000000.0,178000000.0,-148000000.0
Interest Expense,206000000.0,175000000.0,166000000.0,124000000.0,117000000.0,113000000.0,31000000.0,36000000.0,0.0,0.0
Earnings before Tax,1690000000.0,1525000000.0,1228000000.0,545000000.0,820000000.0,690000000.0,710000000.0,391000000.0,177000000.0,-147000000.0
Income Tax Expense,266000000.0,663000000.0,409000000.0,206000000.0,233000000.0,187000000.0,274000000.0,146000000.0,67000000.0,-47000000.0
Net Income - Non-Controlling int,0.0,0.0,0.0,0.0,0.0,0.0,0.0,3000000.0,1000000.0,-1000000.0
Net Income - Discontinued ops,0.0,0.0,0.0,0.0,0.0,0.0,0.0,0.0,0.0,0.0
Net Income,1428000000.0,864000000.0,821000000.0,339000000.0,583000000.0,504000000.0,436000000.0,245000000.0,110000000.0,-100000000.0
Preferred Dividends,0.0,0.0,0.0,0.0,0.0,0.0,0.0,0.0,0.0,0.0
Net Income Com,1428000000.0,864000000.0,821000000.0,339000000.0,583000000.0,504000000.0,436000000.0,245000000.0,110000000.0,-100000000.0
EPS,2.96,1.76,1.66,0.68,1.16,1.01,0.87,0.49,0.22,
EPS Diluted,2.93,1.75,1.65,0.68,1.16,1.01,0.87,0.49,0.22,
Weighted Average Shs Out,483063000.0,489918000.0,495715000.0,499707000.0,501055000.0,500002000.0,500000000.0,500000000.0,,
Weighted Average Shs Out (Dil),486898000.0,493161000.0,498225000.0,502019000.0,502025000.0,500317000.0,500000000.0,500000000.0,500000000.0,
Dividend per Share,0.0,0.0,0.0,0.0,0.0,0.0,0.0,0.0,0.0,0.0
Gross Margin,0.389871244635,0.387224420577,0.387888707038,0.372927597062,0.641170323929,0.634071475554,0.6395,0.6097,0.5969,0.6094
EBITDA Margin,0.343004291845,0.332956472583,0.300327332242,0.156138509969,0.214002089864,0.197105897829,0.217,0.149,0.101,-0.008
EBIT Margin,0.290128755365,0.287356321839,0.251227495908,0.114375655824,0.171368861024,0.151282613462,0.1709,0.1009,0.0494,-0.0533
Profit Margin,0.245150214592,0.16280384398,0.167962356792,0.0711437565582,0.12183908046,0.110502082877,0.101,0.058,0.031,-0.036
Free Cash Flow margin,0.249270386266,0.211418880724,0.101677577741,0.0923399790136,0.0932079414838,0.108967331725,0.0756,0.0855,0.0363,-0.0134
EBITDA,1998000000.0,1767000000.0,1468000000.0,744000000.0,1024000000.0,899000000.0,941000000.0,632000000.0,362000000.0,-23000000.0
EBIT,1690000000.0,1525000000.0,1228000000.0,545000000.0,820000000.0,690000000.0,741000000.0,427000000.0,177000000.0,-147000000.0
Consolidated Income,1428000000.0,864000000.0,821000000.0,339000000.0,583000000.0,504000000.0,436000000.0,248000000.0,111000000.0,-101000000.0
Earnings Before Tax Margin,0.290128755365,0.287356321839,0.251227495908,0.114375655824,0.171368861024,0.151282613462,0.1637,0.0924,0.0494,-0.0533
Net Profit Margin,0.245150214592,0.16280384398,0.167962356792,0.0711437565582,0.12183908046,0.110502082877,0.1006,0.0579,0.0307,-0.0362
