date,,2020-12-31_FY,2019-12-31_FY,2018-12-31_FY,2017-12-31_FY,2016-12-31_FY,2015-12-31_FY,2014-12-31_FY,2013-12-31_FY,2012-12-31_FY,2011-12-31_FY,2010-12-31_FY,2009-12-31_FY,2008-12-31_FY,2007-12-31_FY,2006-12-31_FY,2005-12-31_FY,2004-12-31_FY,2003-12-31_FY,2002-12-31_FY,2001-12-31_FY,2000-12-31_FY,1999-12-31_FY
,revenue,7131800000.0,7210300000.0,6874400000.0,6456500000.0,6527800000.0,6588300000.0,5867700000.0,5334900000.0,4640300000.0,4276700000.0,3936000000.0,3650600000.0,4619500000.0,5712967000.0,5748331000.0,5540663000.0,5301135000.0,4776505000.0,4486038000.0,4318292000.0,3604425000.0,286117000.0
,costOfRevenue,5908400000.0,6041400000.0,5771400000.0,5400600000.0,5469100000.0,5527500000.0,4900500000.0,4457400000.0,3876700000.0,3555700000.0,3287300000.0,3037600000.0,3862300000.0,4823523000.0,4870470000.0,4702293000.0,4487394000.0,4036201000.0,3779128000.0,3645818000.0,3065009000.0,244618000.0
,grossProfit,1223400000.0,1168900000.0,1103000000.0,1055900000.0,1058700000.0,1060800000.0,967200000.0,877500000.0,763600000.0,721000000.0,648700000.0,613000000.0,757200000.0,889444000.0,877861000.0,838370000.0,813741000.0,740304000.0,706910000.0,672474000.0,539416000.0,41499000.0
,grossProfitRatio,0.171541546313694,0.162115307268768,0.160450366577447,0.163540617981879,0.162183277673948,0.161012704339511,0.164834602996063,0.164482933138391,0.164558325970304,0.168587929945986,0.164811991869919,0.167917602585876,0.163913843489555,0.155688629043367,0.152715805683424,0.151312216606569,0.153503164888274,0.154988637089253,0.157580029415712,0.155726847559174,0.149653828280516,0.145042063211903
,,,,,,,,,,,,,,,,,,,,,,,,,,,,,,,,,,,,,,,,,,,,,,,,,,,,,,,,,,,,,,,,,,,,,,,,,,,,,,,,,,,,,,,,,,,,,,,,,,,,,
COST And EXPENSES,,,,,,,,,,,,,,,,,,,,,,,,,,,,,,,,,,,,,,,,,,,,,,,,,,,,,,,,,,,,,,,,,,,,,,,,,,,,,,,,,,,,,,,,,,,,,,,,,,,,,
,ResearchAndDevelopmentExpenses,0.0,0.0,0.0,0.0,0.0,0.0,0.0,0.0,0.0,0.0,0.0,0.0,0.0,0.0,0.0,0.0,0.0,0.0,0.0,0.0,0.0,0.0
,GeneralAndAdministrativeExpenses,635000000.0,643300000.0,755800000.0,729700000.0,732500000.0,729900000.0,671600000.0,619300000.0,556100000.0,549900000.0,499500000.0,494700000.0,617900000.0,685632000.0,672897000.0,654210000.0,650152000.0,580938000.0,550615000.0,518265000.0,405811000.0,32387000.0
,SellingAndMarketingExpenses,146900000.0,156500000.0,0.0,0.0,0.0,0.0,0.0,0.0,0.0,0.0,0.0,0.0,0.0,0.0,0.0,0.0,0.0,0.0,0.0,0.0,0.0,0.0
,otherExpenses,47700000.0,37000000.0,32600000.0,33400000.0,28400000.0,29300000.0,27400000.0,32100000.0,21600000.0,37200000.0,22500000.0,22000000.0,559300000.0,22450000.0,20209000.0,19733000.0,20422000.0,58142000.0,23928000.0,0.0,0.0,0.0
,operatingExpenses,829600000.0,836800000.0,788400000.0,763100000.0,760900000.0,759200000.0,699000000.0,651400000.0,577700000.0,587100000.0,522000000.0,516700000.0,1177200000.0,708082000.0,693106000.0,673943000.0,670574000.0,639080000.0,574543000.0,3522377000.0,427797000.0,33997000.0
,costAndExpenses,6738000000.0,6878200000.0,6559800000.0,6163700000.0,6230000000.0,6286700000.0,5599500000.0,5108800000.0,4454400000.0,4142800000.0,3809300000.0,3554300000.0,5039500000.0,5531605000.0,5563576000.0,5376236000.0,5157968000.0,4675281000.0,4353671000.0,7168195000.0,3492806000.0,278615000.0
,interestExpense,74400000.0,92800000.0,86100000.0,78600000.0,75500000.0,63100000.0,53300000.0,54000000.0,52600000.0,54700000.0,45600000.0,56200000.0,0.0,0.0,0.0,0.0,0.0,0.0,0.0,0.0,0.0,0.0
,,,,,,,,,,,,,,,,,,,,,,,,,,,,,,,,,,,,,,,,,,,,,,,,,,,,,,,,,,,,,,,,,,,,,,,,,,,,,,,,,,,,,,,,,,,,,,,,,,,,,
EBITDA,,,,,,,,,,,,,,,,,,,,,,,,,,,,,,,,,,,,,,,,,,,,,,,,,,,,,,,,,,,,,,,,,,,,,,,,,,,,,,,,,,,,,,,,,,,,,,,,,,,,,
,depreciationAndAmortization,38500000.0,36200000.0,33700000.0,32100000.0,30700000.0,29500000.0,26400000.0,24300000.0,22600000.0,22700000.0,21100000.0,23500000.0,23400000.0,21492000.0,20209000.0,19733000.0,20422000.0,20212000.0,23928000.0,30768000.0,21986000.0,1610000.0
,EBITDA,451000000.0,372900000.0,344600000.0,319800000.0,374000000.0,365800000.0,262300000.0,251600000.0,207400000.0,174900000.0,128000000.0,107500000.0,-448400000.0,102984000.0,121504000.0,116668000.0,101859000.0,56667000.0,98755000.0,79948000.0,133605000.0,9112000.0
,EBITDARatio,0.0632378922572142,0.051717681649862,0.0501280111718841,0.0495314799039727,0.0572934219798401,0.0555226689737869,0.0447023535627247,0.0471611464132411,0.0446953860741762,0.0408960179577712,0.032520325203252,0.029447214156577,-0.097066782119277,0.0180263600332367,0.0211372657559212,0.0210566858153979,0.0192145644281838,0.0118636953169734,0.0220138572165461,0.0185138012899545,0.0370669385546932,0.0318471114963459
,,,,,,,,,,,,,,,,,,,,,,,,,,,,,,,,,,,,,,,,,,,,,,,,,,,,,,,,,,,,,,,,,,,,,,,,,,,,,,,,,,,,,,,,,,,,,,,,,,,,,
INCOME,,,,,,,,,,,,,,,,,,,,,,,,,,,,,,,,,,,,,,,,,,,,,,,,,,,,,,,,,,,,,,,,,,,,,,,,,,,,,,,,,,,,,,,,,,,,,,,,,,,,,
,operatingIncome,393800000.0,332100000.0,314600000.0,292800000.0,297800000.0,301600000.0,268200000.0,226100000.0,185900000.0,133900000.0,126700000.0,96300000.0,-420000000.0,181362000.0,184755000.0,164427000.0,143167000.0,101224000.0,132367000.0,-2849903000.0,111619000.0,7502000.0
,operatingIncomeRatio,0.0552174766538602,0.0460591098844708,0.0457639939485628,0.0453496476419113,0.0456202702288673,0.0457781218220178,0.0457078582749629,0.0423813004929802,0.040062064952697,0.0313091869899689,0.0321900406504065,0.026379225332822,-0.090918930620197,0.0317456761084039,0.0321406335160588,0.029676412371588,0.0270068579653225,0.0211920640719522,0.0295064375290624,-0.659960697423889,0.0309672139106792,0.0262200428496035
,totalOtherIncomeExpensesNet,55700000.0,88200000.0,89800000.0,83700000.0,30000000.0,28200000.0,85200000.0,60800000.0,52600000.0,56300000.0,66200000.0,57700000.0,36900000.0,96539000.0,77055000.0,68669000.0,59059000.0,60158000.0,55763000.0,-2901756000.0,-812000.0,-4045000.0
,incomeBeforeTax,338100000.0,243900000.0,224800000.0,209100000.0,267800000.0,273400000.0,183000000.0,165300000.0,133300000.0,77600000.0,60500000.0,38600000.0,-456900000.0,84823000.0,107700000.0,95758000.0,84108000.0,41066000.0,76604000.0,51853000.0,0.0,0.0
,incomeBeforeTaxRatio,0.0474073866345102,0.0338266091563458,0.0327010357267543,0.0323859676295206,0.0410245411930513,0.0414978067179697,0.0311876885321335,0.0309846482595738,0.0287265909531711,0.0181448312951575,0.0153709349593496,0.0105736043390128,-0.0989068080961143,0.0148474514206016,0.018735873073419,0.0172827692281592,0.0158660362356363,0.0085974996362403,0.0170760925342139,0.0120077567705009,0.0,0.0
,incomeTaxExpense,83700000.0,59500000.0,56800000.0,70000000.0,100600000.0,104000000.0,71000000.0,64200000.0,50000000.0,29600000.0,23200000.0,14400000.0,-133800000.0,30537000.0,40546000.0,35854000.0,31364000.0,21268000.0,36742000.0,5351000.0,0.0,0.0
,netIncome,254400000.0,184400000.0,168000000.0,139100000.0,167200000.0,169200000.0,111600000.0,109100000.0,82200000.0,67900000.0,38100000.0,13400000.0,-338000000.0,50955000.0,60749000.0,61081000.0,50073000.0,15187000.0,38085000.0,43829000.0,30715000.0,1564000.0
,netIncomeRatio,0.0356712190470849,0.025574525331817,0.0244384964505993,0.0215441802834353,0.0256135298262814,0.0256818906242885,0.0190193772687765,0.0204502427411948,0.0177143719156089,0.0158767273832628,0.00967987804878049,0.00367062948556402,-0.0731680917848252,0.00891918332453172,0.0105681109873457,0.0110241319495519,0.00944571304069789,0.00317952142832469,0.00848967396174531,0.0101496147087784,0.00852147013740056,0.00546629525683549
,,,,,,,,,,,,,,,,,,,,,,,,,,,,,,,,,,,,,,,,,,,,,,,,,,,,,,,,,,,,,,,,,,,,,,,,,,,,,,,,,,,,,,,,,,,,,,,,,,,,,
EPS,,,,,,,,,,,,,,,,,,,,,,,,,,,,,,,,,,,,,,,,,,,,,,,,,,,,,,,,,,,,,,,,,,,,,,,,,,,,,,,,,,,,,,,,,,,,,,,,,,,,,
,EPS,13.3193717277487,9.65,8.36,6.69,7.43,6.43,3.73,3.55,2.64,2.14,1.18,0.42,-10.66,1.57,1.83,1.87,1.54,0.47,1.15182216845607,1.28908823529412,0.903382,0.046
,EPSDiluted,13.3193717277487,9.55,8.28,6.62,7.4,6.41,3.71,3.51,2.61,2.08,1.14,0.41,-10.66,1.53,1.78,1.86,1.53,0.46,1.15154355516585,1.28825465875022,0.902798,0.04597
,weightedAverageShsOut,19169811.0,19100000.0,20100000.0,20800000.0,22500000.0,26300000.0,29900000.0,30700000.0,31100000.0,31800000.0,32200000.0,32000000.0,31700000.0,32463000.0,33187000.0,32691000.0,32502000.0,32648000.0,33065000.0,34000000.0,34000000.0,34000000.0
,weightedAverageShsOutDil,19271623.0,19300000.0,20300000.0,21000000.0,22600000.0,26400000.0,30100000.0,31100000.0,31500000.0,32600000.0,33300000.0,32900000.0,31700000.0,33340000.0,34067000.0,32896000.0,32674000.0,32715000.0,33073000.0,34022000.0,34022000.0,34022000.0
