date,,2020-12-31_FY,2019-12-31_FY,2018-12-31_FY,2017-12-31_FY,2016-12-31_FY,2015-12-31_FY,2014-12-31_FY,2013-12-31_FY,2012-12-31_FY,2011-12-31_FY,2010-12-31_FY,2009-12-31_FY,2008-12-31_FY,2007-12-31_FY,2006-12-31_FY,2005-12-31_FY,2004-12-31_FY,2003-12-31_FY,2002-12-31_FY
,revenue,61577000.0,70086000.0,23945000.0,35692000.0,50622000.0,62739000.0,16923000.0,13286000.0,212523000.0,53316000.0,22281000.0,20061000.0,16193000.0,19248000.0,15488000.0,11028000.0,8417000.0,5863000.0,5700000.0
,costOfRevenue,44613000.0,49443000.0,6253000.0,31885000.0,39817000.0,47552000.0,11620000.0,13668000.0,192555000.0,28964000.0,8613000.0,13870000.0,10904000.0,13231000.0,9582000.0,6741000.0,5020000.0,3113000.0,0.0
,grossProfit,16964000.0,20643000.0,17692000.0,3807000.0,10805000.0,15187000.0,5303000.0,-382000.0,19968000.0,24352000.0,13668000.0,6191000.0,5289000.0,6017000.0,5906000.0,4287000.0,3397000.0,2750000.0,0.0
,grossProfitRatio,0.275492472838885,0.294538138857974,0.738859887241595,0.10666255743584,0.213444747343052,0.242066338322256,0.313360515275069,-0.0287520698479603,0.0939568893719739,0.456748443244054,0.613437457923792,0.308608743332835,0.32662261471006,0.312603906899418,0.381327479338843,0.388737758433079,0.403587976713794,0.469043151969981,0.0
,,,,,,,,,,,,,,,,,,,,,,,,,,,,,,,,,,,,,,,,,,,,,,,,,,,,,,,,,,,,,,,,,,,,,,,,,,,,,,,,,,,,,,,,,,,,,,,,,,,,,
COST And EXPENSES,,,,,,,,,,,,,,,,,,,,,,,,,,,,,,,,,,,,,,,,,,,,,,,,,,,,,,,,,,,,,,,,,,,,,,,,,,,,,,,,,,,,,,,,,,,,,,,,,,,,,
,ResearchAndDevelopmentExpenses,0.0,0.0,0.0,157000.0,-648000.0,5362000.0,1521000.0,3237000.0,2968000.0,2289000.0,911000.0,709000.0,784000.0,1201000.0,1464000.0,977000.0,815000.0,170000.0,0.0
,GeneralAndAdministrativeExpenses,24434000.0,28165000.0,23369000.0,16675000.0,26572000.0,49606000.0,43731000.0,26991000.0,20151000.0,17468000.0,32790000.0,16745000.0,9168000.0,5214000.0,4170000.0,2502000.0,2046000.0,2130000.0,0.0
,SellingAndMarketingExpenses,0.0,0.0,0.0,0.0,0.0,0.0,0.0,0.0,0.0,0.0,0.0,0.0,0.0,0.0,0.0,0.0,0.0,0.0,0.0
,otherExpenses,5000.0,427000.0,-19000.0,11697000.0,8588000.0,11136000.0,6436000.0,2461000.0,305000.0,0.0,0.0,0.0,0.0,0.0,0.0,0.0,0.0,0.0,0.0
,operatingExpenses,32971000.0,35536000.0,24092000.0,17621000.0,26903000.0,56987000.0,47117000.0,31876000.0,28396000.0,21325000.0,34618000.0,18031000.0,10440000.0,6794000.0,5918000.0,3636000.0,3014000.0,2430000.0,0.0
,costAndExpenses,77584000.0,84979000.0,30345000.0,49506000.0,66720000.0,104539000.0,58737000.0,45544000.0,220951000.0,50289000.0,43231000.0,31901000.0,21344000.0,20025000.0,15500000.0,10377000.0,8034000.0,5543000.0,0.0
,interestExpense,3920000.0,7174000.0,2151000.0,3024000.0,5066000.0,8402000.0,5725000.0,1338000.0,1461000.0,1584000.0,0.0,0.0,0.0,0.0,0.0,0.0,0.0,0.0,0.0
,,,,,,,,,,,,,,,,,,,,,,,,,,,,,,,,,,,,,,,,,,,,,,,,,,,,,,,,,,,,,,,,,,,,,,,,,,,,,,,,,,,,,,,,,,,,,,,,,,,,,
EBITDA,,,,,,,,,,,,,,,,,,,,,,,,,,,,,,,,,,,,,,,,,,,,,,,,,,,,,,,,,,,,,,,,,,,,,,,,,,,,,,,,,,,,,,,,,,,,,,,,,,,,,
,depreciationAndAmortization,28175000.0,0.0,723000.0,789000.0,979000.0,2019000.0,1865000.0,1648000.0,5277000.0,1568000.0,917000.0,577000.0,488000.0,379000.0,284000.0,157000.0,153000.0,130000.0,0.0
,EBITDA,12168000.0,62081000.0,-5677000.0,-13025000.0,-15119000.0,-39781000.0,-39949000.0,-30610000.0,-3151000.0,4595000.0,-20033000.0,-11263000.0,-4663000.0,-398000.0,272000.0,808000.0,536000.0,450000.0,5700000.0
,EBITDARatio,0.19760624908651,0.885783180663756,-0.237084986427229,-0.364927714894094,-0.298664612223934,-0.634071311305567,-2.36063345742481,-2.30392894776456,-0.0148266305294015,0.0861842598844624,-0.899106862349087,-0.561437615273416,-0.287963935033657,-0.0206774729842062,0.0175619834710744,0.0732680449764237,0.0636806463110372,0.076752515776906,1.0
,,,,,,,,,,,,,,,,,,,,,,,,,,,,,,,,,,,,,,,,,,,,,,,,,,,,,,,,,,,,,,,,,,,,,,,,,,,,,,,,,,,,,,,,,,,,,,,,,,,,,
INCOME,,,,,,,,,,,,,,,,,,,,,,,,,,,,,,,,,,,,,,,,,,,,,,,,,,,,,,,,,,,,,,,,,,,,,,,,,,,,,,,,,,,,,,,,,,,,,,,,,,,,,
,operatingIncome,-16007000.0,-14893000.0,-6400000.0,-13814000.0,-16098000.0,-41800000.0,-41814000.0,-32258000.0,-8428000.0,3027000.0,-20950000.0,-11840000.0,-5151000.0,-777000.0,-12000.0,651000.0,383000.0,320000.0,5700000.0
,operatingIncomeRatio,-0.259950955713984,-0.21249607624918,-0.267279181457507,-0.38703350890956,-0.318004029868437,-0.666252251390682,-2.47083850381138,-2.42796929098299,-0.0396568841960635,0.0567747017780779,-0.940263004353485,-0.59019989033448,-0.318100413759032,-0.0403678304239401,-0.000774793388429752,0.059031556039173,0.0455031483901628,0.0545795667746887,1.0
,totalOtherIncomeExpensesNet,3751000.0,69603000.0,54189000.0,68809000.0,57636000.0,20057000.0,49148000.0,17963000.0,-1236000.0,-28899000.0,-1965000.0,-3243000.0,-1589000.0,0.0,0.0,0.0,49000.0,23000.0,0.0
,incomeBeforeTax,-13791000.0,47536000.0,45877000.0,52025000.0,36740000.0,-30121000.0,1683000.0,-15524000.0,-11125000.0,-25238000.0,-20421000.0,-15049000.0,-5613000.0,243000.0,485000.0,999000.0,398000.0,316000.0,0.0
,incomeBeforeTaxRatio,-0.223963492862595,0.678252432725509,1.91593234495719,1.45760954835818,0.725771403737505,-0.480100097228199,0.0994504520475093,-1.1684479903658,-0.0523472753537264,-0.47336634406182,-0.916520802477447,-0.75016200588206,-0.34663126042117,0.0126246882793017,0.0313145661157025,0.0905875952121872,0.0472852560294642,0.0538973221900051,0.0
,incomeTaxExpense,6511000.0,11999000.0,10423000.0,24152000.0,-60938000.0,20000.0,296000.0,463000.0,0.0,-13368000.0,-8564000.0,-5546000.0,-1507000.0,-4000.0,108000.0,336000.0,62000.0,-93000.0,0.0
,netIncome,-20302000.0,35537000.0,35454000.0,27873000.0,97678000.0,-30141000.0,1387000.0,-15987000.0,-13071000.0,-19851000.0,-15470000.0,-8771000.0,-4106000.0,247000.0,377000.0,663000.0,336000.0,409000.0,470000.0
,netIncomeRatio,-0.329701024733261,0.507048483291956,1.48064314053038,0.780931301131906,1.92955631938683,-0.480418878209726,0.0819594634521066,-1.2032967032967,-0.0615039313391962,-0.372327256358316,-0.694313540684888,-0.437216489706395,-0.253566355832767,0.012832502078138,0.0243414256198347,0.0601196953210011,0.0399192111203517,0.069759508783899,0.0824561403508772
,,,,,,,,,,,,,,,,,,,,,,,,,,,,,,,,,,,,,,,,,,,,,,,,,,,,,,,,,,,,,,,,,,,,,,,,,,,,,,,,,,,,,,,,,,,,,,,,,,,,,
EPS,,,,,,,,,,,,,,,,,,,,,,,,,,,,,,,,,,,,,,,,,,,,,,,,,,,,,,,,,,,,,,,,,,,,,,,,,,,,,,,,,,,,,,,,,,,,,,,,,,,,,
,EPS,-1.1183210311777,1.96,1.78,1.3,4.4,-1.37,0.0643500046395101,-0.78,-0.655,-1.24,-1.045,-0.63,-0.335,0.0218622765091167,0.035,0.065,0.0407174018419777,0.06,0.07
,EPSDiluted,-1.1183210311777,1.93,1.76,1.29,4.34,-1.37,0.0628198740885004,-0.78,-0.655,-1.24,-1.045,-0.63,-0.335,0.0215269304514555,0.032903,0.064532,0.0400667779632721,0.06,0.07
,weightedAverageShsOut,18093000.0,18154000.0,19901000.0,21367000.0,21931000.0,21773000.0,21554000.0,20103000.0,20026000.0,16040000.0,14786000.0,13946000.0,12200000.0,11298000.0,11248000.0,9932000.0,8252000.0,6824000.0,6714286.0
,weightedAverageShsOutDil,18093000.0,18372000.0,20033000.0,21413000.0,22234000.0,21773000.0,22079000.0,20103000.0,20026000.0,16040000.0,14786000.0,13946000.0,12200000.0,11474000.0,11458000.0,10274000.0,8386000.0,6824000.0,6714286.0
