date,,2020-05-31_FY,2019-05-31_FY,2018-05-31_FY,2017-05-31_FY,2016-05-31_FY,2016-05-30_FY,2015-05-31_FY,2014-05-31_FY,2013-05-31_FY,2012-05-31_FY,2011-05-31_FY,2010-05-31_FY,2009-05-31_FY,2008-05-31_FY,2007-05-31_FY,2006-05-31_FY,2005-05-31_FY,2004-05-31_FY,2003-05-31_FY,2002-05-31_FY,2001-05-31_FY,2000-05-31_FY,1999-05-31_FY,1998-05-31_FY,1997-05-31_FY
,revenue,22291000.0,21056000.0,29555000.0,18898000.0,14501000.0,14501000.0,10018000.0,19684000.0,16488000.0,15521000.0,13737000.0,11674000.0,21407000.0,39041000.0,27351000.0,23801000.0,16080000.0,15800000.0,15092000.0,12568000.0,31039000.0,24505000.0,18146000.0,40805000.0,42000000.0
,costOfRevenue,13920000.0,13454000.0,17169000.0,12118000.0,9356000.0,9356000.0,6180000.0,9462000.0,9712000.0,9314000.0,8225000.0,5571000.0,20223000.0,19072000.0,13438000.0,13165000.0,11817000.0,10092000.0,9354000.0,6488000.0,17923000.0,17267000.0,12201000.0,24359000.0,25100000.0
,grossProfit,8371000.0,7602000.0,12386000.0,6780000.0,5145000.0,5145000.0,3838000.0,10222000.0,6776000.0,6207000.0,5512000.0,6103000.0,1184000.0,19969000.0,13913000.0,10636000.0,4263000.0,5708000.0,5738000.0,6080000.0,13116000.0,7238000.0,5945000.0,16446000.0,16900000.0
,grossProfitRatio,0.375532726212373,0.361037234042553,0.419083065471155,0.358768123610964,0.354803117026412,0.354803117026412,0.3831104012777,0.519305019305019,0.410965550703542,0.399909799626313,0.401252092887821,0.522785677574096,0.0553090110711449,0.511487922952793,0.508683411941062,0.4468719801689,0.265111940298507,0.36126582278481,0.380201431221839,0.483768300445576,0.42256515996005,0.295368292185268,0.327620412212058,0.40303884327901,0.402380952380952
,,,,,,,,,,,,,,,,,,,,,,,,,,,,,,,,,,,,,,,,,,,,,,,,,,,,,,,,,,,,,,,,,,,,,,,,,,,,,,,,,,,,,,,,,,,,,,,,,,,,,
COST And EXPENSES,,,,,,,,,,,,,,,,,,,,,,,,,,,,,,,,,,,,,,,,,,,,,,,,,,,,,,,,,,,,,,,,,,,,,,,,,,,,,,,,,,,,,,,,,,,,,,,,,,,,,
,ResearchAndDevelopmentExpenses,3386000.0,4153000.0,4181000.0,4657000.0,4324000.0,4324000.0,4062000.0,3402000.0,3211000.0,4188000.0,4567000.0,4758000.0,5762000.0,6501000.0,6324000.0,4339000.0,4023000.0,4645000.0,4543000.0,4036000.0,4382000.0,4501000.0,3685000.0,3629000.0,3700000.0
,GeneralAndAdministrativeExpenses,7530000.0,7724000.0,7290000.0,7052000.0,6975000.0,6975000.0,6470000.0,6323000.0,6872000.0,6526000.0,5964000.0,6094000.0,20623000.0,7657000.0,6538000.0,5842000.0,5215000.0,5572000.0,5919000.0,6547000.0,7262000.0,7930000.0,6892000.0,8618000.0,8900000.0
,SellingAndMarketingExpenses,0.0,0.0,0.0,0.0,0.0,0.0,0.0,0.0,0.0,0.0,0.0,0.0,0.0,0.0,0.0,0.0,0.0,0.0,0.0,0.0,0.0,0.0,0.0,0.0,0.0
,otherExpenses,1000.0,1000.0,-61000.0,-21000.0,-16000.0,-16000.0,211000.0,-17000.0,3000.0,0.0,0.0,0.0,0.0,0.0,0.0,0.0,0.0,0.0,0.0,0.0,0.0,0.0,0.0,0.0,0.0
,operatingExpenses,10916000.0,11877000.0,11471000.0,11709000.0,11299000.0,11299000.0,10532000.0,9725000.0,10083000.0,10714000.0,9699000.0,6859000.0,26385000.0,14158000.0,12862000.0,10181000.0,9238000.0,10217000.0,10462000.0,10583000.0,11644000.0,12431000.0,10577000.0,12247000.0,13200000.0
,costAndExpenses,24836000.0,25331000.0,28640000.0,23827000.0,20655000.0,20655000.0,16712000.0,19187000.0,19795000.0,20028000.0,17924000.0,12430000.0,46608000.0,33230000.0,26300000.0,23346000.0,21055000.0,20309000.0,19816000.0,17071000.0,29567000.0,29698000.0,22778000.0,36606000.0,38300000.0
,interestExpense,0.0,252000.0,399000.0,678000.0,605000.0,605000.0,130000.0,26000.0,49000.0,4000.0,0.0,0.0,0.0,0.0,0.0,0.0,0.0,0.0,0.0,0.0,0.0,0.0,0.0,0.0,0.0
,,,,,,,,,,,,,,,,,,,,,,,,,,,,,,,,,,,,,,,,,,,,,,,,,,,,,,,,,,,,,,,,,,,,,,,,,,,,,,,,,,,,,,,,,,,,,,,,,,,,,
EBITDA,,,,,,,,,,,,,,,,,,,,,,,,,,,,,,,,,,,,,,,,,,,,,,,,,,,,,,,,,,,,,,,,,,,,,,,,,,,,,,,,,,,,,,,,,,,,,,,,,,,,,
,depreciationAndAmortization,384000.0,431000.0,417000.0,271000.0,203000.0,380000.0,135000.0,141000.0,322000.0,491000.0,573000.0,690000.0,644000.0,474000.0,323000.0,340000.0,323000.0,384000.0,582000.0,662000.0,651000.0,703000.0,453000.0,479000.0,600000.0
,EBITDA,-2161000.0,-3844000.0,1332000.0,-4658000.0,-5951000.0,-5774000.0,-6559000.0,638000.0,-2985000.0,-4016000.0,-3614000.0,-66000.0,-24557000.0,6285000.0,1374000.0,795000.0,-4652000.0,-4125000.0,-4142000.0,-3841000.0,2123000.0,-4490000.0,-4179000.0,4678000.0,4300000.0
,EBITDARatio,-0.0969449553631511,-0.182560790273556,0.0450685163254948,-0.246481109112075,-0.410385490655817,-0.398179435900972,-0.654721501297664,0.0324121113594798,-0.181040756914119,-0.258746214805747,-0.263085098638713,-0.00565358917252013,-1.14714812911664,0.160984605927102,0.050235823187452,0.0334019579009285,-0.289303482587065,-0.261075949367089,-0.274450039756162,-0.305617441120306,0.068397822094784,-0.183227912670883,-0.23029868841618,0.114642813380713,0.102380952380952
,,,,,,,,,,,,,,,,,,,,,,,,,,,,,,,,,,,,,,,,,,,,,,,,,,,,,,,,,,,,,,,,,,,,,,,,,,,,,,,,,,,,,,,,,,,,,,,,,,,,,
INCOME,,,,,,,,,,,,,,,,,,,,,,,,,,,,,,,,,,,,,,,,,,,,,,,,,,,,,,,,,,,,,,,,,,,,,,,,,,,,,,,,,,,,,,,,,,,,,,,,,,,,,
,operatingIncome,-2545000.0,-4275000.0,915000.0,-4929000.0,-6154000.0,-6154000.0,-6694000.0,497000.0,-3307000.0,-4507000.0,-4187000.0,-756000.0,-25201000.0,5811000.0,1051000.0,455000.0,-4975000.0,-4509000.0,-4724000.0,-4503000.0,1472000.0,-5193000.0,-4632000.0,4199000.0,3700000.0
,operatingIncomeRatio,-0.114171638777982,-0.203030015197568,0.0309592285569278,-0.260821250926024,-0.424384525205158,-0.424384525205158,-0.668197244959074,0.02524893314367,-0.200570111596312,-0.290380774434637,-0.30479726286671,-0.0647592941579579,-1.17723174662494,0.148843523475321,0.038426382947607,0.0191168438300912,-0.309390547263682,-0.285379746835443,-0.31301351709515,-0.358290897517505,0.0474242082541319,-0.211915935523363,-0.255262867849664,0.102904055875505,0.0880952380952381
,totalOtherIncomeExpensesNet,-231000.0,-681000.0,-61000.0,-21000.0,-16000.0,-16000.0,211000.0,-64000.0,-33000.0,1107000.0,762000.0,131000.0,3000.0,-71000.0,961000.0,79000.0,86000.0,293000.0,-146000.0,-43000.0,98000.0,498000.0,441000.0,-364000.0,-600000.0
,incomeBeforeTax,-2766000.0,-5208000.0,455000.0,-5628000.0,-6775000.0,-6775000.0,-6613000.0,407000.0,-3389000.0,-3404000.0,-3422000.0,-620000.0,-25056000.0,5971000.0,2503000.0,789000.0,-4734000.0,-3883000.0,-4618000.0,-4026000.0,2534000.0,-3721000.0,-3007000.0,4739000.0,2600000.0
,incomeBeforeTaxRatio,-0.124085953972455,-0.247340425531915,0.0153950262222974,-0.29780929198857,-0.467209157989104,-0.467209157989104,-0.660111798762228,0.0206766917293233,-0.205543425521591,-0.219315765736744,-0.249108247797918,-0.0531094740448861,-1.17045826131639,0.152941779155247,0.0915140214251764,0.0331498676526196,-0.294402985074627,-0.245759493670886,-0.305989928438908,-0.320337364735837,0.0816392280679146,-0.151846561926138,-0.165711451559572,0.116137728219581,0.0619047619047619
,incomeTaxExpense,36000.0,27000.0,-73000.0,25000.0,10000.0,10000.0,34000.0,-15000.0,30000.0,-15000.0,-49000.0,-139000.0,4915000.0,-4602000.0,75000.0,-21000.0,136000.0,76000.0,-74000.0,1241000.0,1046000.0,-1116000.0,-677000.0,2334000.0,-700000.0
,netIncome,-2802000.0,-5235000.0,528000.0,-5653000.0,-6785000.0,-6785000.0,-6647000.0,422000.0,-3419000.0,-3389000.0,-3373000.0,-481000.0,-29971000.0,10573000.0,2428000.0,810000.0,-4870000.0,-3959000.0,-4544000.0,-5267000.0,-141000.0,-2605000.0,-2330000.0,2405000.0,3300000.0
,netIncomeRatio,-0.125700955542596,-0.248622720364742,0.0178649974623583,-0.29913218329982,-0.467898765602372,-0.467898765602372,-0.663505689758435,0.0214387319650478,-0.207362930616206,-0.218349333161523,-0.24554123898959,-0.0412026726057906,-1.40005605643014,0.270817858149125,0.0887718913385251,0.0340321835217008,-0.302860696517413,-0.250569620253165,-0.301086668433607,-0.419080203691916,-0.00454267212216888,-0.106304835747807,-0.128402953819023,0.0589388555324102,0.0785714285714286
,,,,,,,,,,,,,,,,,,,,,,,,,,,,,,,,,,,,,,,,,,,,,,,,,,,,,,,,,,,,,,,,,,,,,,,,,,,,,,,,,,,,,,,,,,,,,,,,,,,,,
EPS,,,,,,,,,,,,,,,,,,,,,,,,,,,,,,,,,,,,,,,,,,,,,,,,,,,,,,,,,,,,,,,,,,,,,,,,,,,,,,,,,,,,,,,,,,,,,,,,,,,,,
,EPS,-0.12,-0.23,0.0242959690778575,-0.35,-0.52,-518.29501,-0.55,0.0387974625356256,-0.36,-0.38,-0.38,-0.06,-3.55,1.32,0.31,0.107784431137725,-0.66,-0.55,-0.63,-0.74,-0.0199321458863444,-0.38,-0.34,0.38,0.77
,EPSDiluted,-0.12,-0.23,0.0231761917303134,-0.35,-0.52,-518.29501,-0.55,0.035494995373875,-0.36,-0.38,-0.38,-0.06,-3.55,1.24,0.3,0.106508875739645,-0.66,-0.55,-0.63,-0.74,-0.0196406184705391,-0.38,-0.34,0.36,0.74
,weightedAverageShsOut,22882000.0,22387000.0,21732000.0,16267000.0,13091000.0,13091000.0,12047000.0,10877000.0,9549000.0,9016000.0,8776000.0,8563000.0,8436000.0,8013000.0,7751000.0,7515000.0,7420000.0,7248000.0,7161000.0,7151000.0,7074000.0,6813000.0,6854000.0,6327000.0,6829000.0
,weightedAverageShsOutDil,22882000.0,22387000.0,22782000.0,16267000.0,13091000.0,13091000.0,12047000.0,11889000.0,9549000.0,9016000.0,8776000.0,8563000.0,8436000.0,8508000.0,8225000.0,7605000.0,7420000.0,7248000.0,7161000.0,7151000.0,7179000.0,6813000.0,6854000.0,6761000.0,6829000.0
