date,,2020-12-31_FY,2019-12-31_FY,2018-12-31_FY,2017-12-31_FY,2016-12-31_FY,2015-12-31_FY,2014-12-31_FY,2013-12-31_FY,2012-12-31_FY,2011-12-31_FY,2010-12-31_FY,2009-12-31_FY,2008-12-31_FY,2007-12-31_FY,2006-12-31_FY,2005-12-31_FY,2004-12-31_FY,2003-12-31_FY,2002-12-31_FY,2001-12-31_FY,2000-12-31_FY,1999-12-31_FY,1998-12-31_FY
,revenue,3713460000.0,2012304000.0,2936589000.0,2990734000.0,1676817000.0,1983635000.0,2149154000.0,2509239000.0,1301659000.0,1139775000.0,1285884000.0,1189588000.0,341809000.0,714500000.0,915860000.0,567718000.0,497142000.0,452138000.0,279713000.0,180376000.0,114615000.0,79810561.0,37953909.0
,costOfRevenue,0.0,0.0,0.0,0.0,0.0,0.0,0.0,0.0,0.0,0.0,0.0,0.0,0.0,0.0,0.0,0.0,0.0,0.0,0.0,0.0,0.0,0.0,0.0
,grossProfit,0.0,0.0,0.0,0.0,0.0,0.0,0.0,0.0,0.0,0.0,0.0,0.0,0.0,0.0,0.0,0.0,0.0,0.0,0.0,0.0,0.0,0.0,0.0
,grossProfitRatio,0.0,0.0,0.0,0.0,0.0,0.0,0.0,0.0,0.0,0.0,0.0,0.0,0.0,0.0,0.0,0.0,0.0,0.0,0.0,0.0,0.0,0.0,0.0
,,,,,,,,,,,,,,,,,,,,,,,,,,,,,,,,,,,,,,,,,,,,,,,,,,,,,,,,,,,,,,,,,,,,,,,,,,,,,,,,,,,,,,,,,,,,,,,,,,,,,
COST And EXPENSES,,,,,,,,,,,,,,,,,,,,,,,,,,,,,,,,,,,,,,,,,,,,,,,,,,,,,,,,,,,,,,,,,,,,,,,,,,,,,,,,,,,,,,,,,,,,,,,,,,,,,
,ResearchAndDevelopmentExpenses,0.0,0.0,0.0,0.0,0.0,0.0,0.0,0.0,0.0,0.0,0.0,0.0,0.0,0.0,0.0,0.0,0.0,0.0,0.0,0.0,0.0,0.0,0.0
,GeneralAndAdministrativeExpenses,95815000.0,82883000.0,71914000.0,58043000.0,53479000.0,0.0,0.0,0.0,0.0,775757000.0,733218000.0,57255000.0,52633000.0,0.0,0.0,0.0,0.0,0.0,0.0,0.0,0.0,0.0,0.0
,SellingAndMarketingExpenses,0.0,0.0,0.0,0.0,0.0,0.0,0.0,0.0,0.0,0.0,0.0,0.0,0.0,0.0,0.0,0.0,0.0,0.0,0.0,0.0,0.0,0.0,0.0
,otherExpenses,0.0,0.0,0.0,0.0,0.0,0.0,0.0,0.0,0.0,0.0,0.0,0.0,0.0,0.0,0.0,0.0,0.0,0.0,0.0,0.0,0.0,0.0,0.0
,operatingExpenses,0.0,1653000000.0,2330000000.0,2611000000.0,1505000000.0,1605000000.0,1892000000.0,2036000000.0,1238000000.0,1173000000.0,1052000000.0,542000000.0,424000000.0,685000000.0,573000000.0,424000000.0,0.0,0.0,0.0,0.0,0.0,0.0,0.0
,costAndExpenses,2897499000.0,1696739000.0,2370847000.0,2674463000.0,1546570000.0,1646321000.0,1953090000.0,2119907000.0,1215670000.0,1006861000.0,1220618000.0,1103424000.0,256503000.0,671661000.0,798935000.0,496824000.0,427601000.0,413193000.0,250762000.0,170923000.0,99997000.0,76714691.0,36949239.0
,interestExpense,1574379000.0,1328865000.0,1651824000.0,2068160000.0,766678000.0,1009141000.0,1522192000.0,1323825000.0,860024000.0,45640000.0,37031000.0,379089000.0,43077000.0,54667000.0,74667000.0,41749000.0,17100000.0,13425000.0,7274000.0,9720000.0,5606000.0,4387232.0,2317488.0
,,,,,,,,,,,,,,,,,,,,,,,,,,,,,,,,,,,,,,,,,,,,,,,,,,,,,,,,,,,,,,,,,,,,,,,,,,,,,,,,,,,,,,,,,,,,,,,,,,,,,
EBITDA,,,,,,,,,,,,,,,,,,,,,,,,,,,,,,,,,,,,,,,,,,,,,,,,,,,,,,,,,,,,,,,,,,,,,,,,,,,,,,,,,,,,,,,,,,,,,,,,,,,,,
,depreciationAndAmortization,5199000.0,4068000.0,3474000.0,3948000.0,3879000.0,4610000.0,9490000.0,18375000.0,18404000.0,0.0,0.0,93913000.0,43437000.0,-184843000.0,-147136000.0,-118352000.0,-69724000.0,-98967000.0,-93679000.0,23040000.0,8574000.0,70000.0,70000.0
,EBITDA,0.0,0.0,0.0,0.0,0.0,0.0,0.0,0.0,0.0,0.0,0.0,0.0,0.0,0.0,0.0,0.0,0.0,0.0,0.0,0.0,0.0,0.0,0.0
,EBITDARatio,0.0,0.0,0.0,0.0,0.0,0.0,0.0,0.0,0.0,0.0,0.0,0.0,0.0,0.0,0.0,0.0,0.0,0.0,0.0,0.0,0.0,0.0,0.0
,,,,,,,,,,,,,,,,,,,,,,,,,,,,,,,,,,,,,,,,,,,,,,,,,,,,,,,,,,,,,,,,,,,,,,,,,,,,,,,,,,,,,,,,,,,,,,,,,,,,,
INCOME,,,,,,,,,,,,,,,,,,,,,,,,,,,,,,,,,,,,,,,,,,,,,,,,,,,,,,,,,,,,,,,,,,,,,,,,,,,,,,,,,,,,,,,,,,,,,,,,,,,,,
,operatingIncome,0.0,0.0,0.0,0.0,0.0,0.0,0.0,0.0,0.0,0.0,0.0,0.0,0.0,0.0,0.0,0.0,0.0,0.0,0.0,0.0,0.0,0.0,0.0
,operatingIncomeRatio,0.219730655507263,0.156817757157964,0.192652768228717,0.105750294074966,0.0776751428450451,0.170048421206522,0.0912284554759687,0.155159392947424,0.0660610805134064,0.116614244039394,0.0507557446861459,0.0724317999172823,0.249572129464116,0.0599566130160952,0.127666892319787,0.124875378268788,0.139881563014189,0.0861352065077476,0.103502518653048,0.0524071938617111,0.127540025302098,0.0387902297792394,0.026470791190441
,totalOtherIncomeExpensesNet,251227000.0,240035000.0,224488000.0,200494000.0,173579000.0,136168000.0,118990000.0,103591000.0,89006000.0,-114728000.0,168862000.0,130125000.0,-358358000.0,-14157000.0,183783000.0,-18029000.0,28696000.0,52525000.0,-57753000.0,13554000.0,0.0,0.0,0.0
,incomeBeforeTax,815961000.0,315565000.0,565742000.0,316271000.0,130247000.0,337314000.0,196064000.0,389332000.0,85989000.0,132914000.0,65266000.0,86164000.0,85306000.0,42839000.0,116925000.0,70894000.0,69541000.0,38945000.0,28951000.0,9453000.0,14618000.0,3095870.0,1004670.0
,incomeBeforeTaxRatio,0.219730655507263,0.156817757157964,0.192652768228717,0.105750294074966,0.0776751428450451,0.170048421206522,0.0912284554759687,0.155159392947424,0.0660610805134064,0.116614244039394,0.0507557446861459,0.0724317999172823,0.249572129464116,0.0599566130160952,0.127666892319787,0.124875378268788,0.139881563014189,0.0861352065077476,0.103502518653048,0.0524071938617111,0.127540025302098,0.0387902297792394,0.026470791190441
,incomeTaxExpense,144501000.0,69475000.0,107726000.0,141626000.0,47004000.0,117484000.0,70041000.0,136049000.0,28191000.0,46666000.0,22333000.0,17634000.0,64531000.0,13863000.0,41440000.0,25402000.0,24257000.0,13505000.0,7299000.0,333000.0,2385000.0,1369835.0,760483.0
,netIncome,671460000.0,246090000.0,458016000.0,174645000.0,83243000.0,219830000.0,126023000.0,253283000.0,57798000.0,86248000.0,42933000.0,68530000.0,20775000.0,28976000.0,75485000.0,42992000.0,45284000.0,25440000.0,14207000.0,872000.0,4784000.0,2443346.0,244187.0
,netIncomeRatio,0.180817889515438,0.122292655582854,0.155968710636729,0.0583953638136992,0.0496434613914339,0.110821799373373,0.0586384223745716,0.100940165524288,0.0444033345138781,0.0756710754315545,0.0333879261270846,0.0576081803111666,0.060779558174302,0.040554233729881,0.0824198021531675,0.075727738067139,0.0910886627965451,0.0562660072809629,0.0507913468448016,0.00483434603273163,0.0417397373816691,0.0306143193254838,0.00643377734820411
,,,,,,,,,,,,,,,,,,,,,,,,,,,,,,,,,,,,,,,,,,,,,,,,,,,,,,,,,,,,,,,,,,,,,,,,,,,,,,,,,,,,,,,,,,,,,,,,,,,,,
EPS,,,,,,,,,,,,,,,,,,,,,,,,,,,,,,,,,,,,,,,,,,,,,,,,,,,,,,,,,,,,,,,,,,,,,,,,,,,,,,,,,,,,,,,,,,,,,,,,,,,,,
,EPS,7.36742777515663,2.7,5.07,1.96,0.98,2.78,1.69,3.86,0.94,1.45,0.73,1.22,0.88,0.51,1.34212257525381,1.09302621208654,1.19,1.45,0.87,0.05,0.33,0.173333,0.016667
,EPSDiluted,7.36742777515663,2.68,5.01,1.93,0.97,2.72,1.58,3.38,0.89,1.37,0.68,1.18,0.85,0.5,1.26029555111914,1.01005544591674,1.08,1.21,0.8,0.05,0.26,0.14,0.016667
,weightedAverageShsOut,91139000.0,91139000.0,90348000.0,88982000.0,84793000.0,78937000.0,74431000.0,65544000.0,61259000.0,59482000.0,58507000.0,56138000.0,53750000.0,56760000.0,56243000.0,39333000.0,38053782.0,16407619.0,16329885.0,17440000.0,14496970.0,14096227.0,14651220.0
,weightedAverageShsOutDil,91139000.0,91782000.0,91423000.0,90311000.0,85605000.0,80961000.0,79894000.0,75041000.0,65676000.0,63619000.0,64580000.0,58915000.0,56622000.0,59848000.0,59894681.0,42564000.0,41929630.0,19142222.0,17758750.0,17440000.0,18400000.0,17452471.0,14651220.0
