date,,2020-12-31_FY,2019-12-31_FY,2018-12-31_FY,2017-12-31_FY,2016-12-31_FY,2015-12-31_FY,2014-12-31_FY,2013-12-31_FY,2012-12-31_FY,2011-12-31_FY,2010-12-31_FY,2009-12-31_FY,2008-12-31_FY,2007-12-31_FY,2006-12-31_FY,2005-12-31_FY,2004-12-31_FY,2003-12-31_FY,2002-12-31_FY,2001-12-31_FY,2000-12-31_FY,1999-12-31_FY,1998-12-31_FY,1997-12-31_FY,1996-12-31_FY,1995-12-31_FY,1994-12-31_FY,1993-12-31_FY,1992-12-31_FY,1991-12-31_FY,1990-12-31_FY,1989-12-31_FY,1988-12-31_FY,1987-12-31_FY,1986-12-31_FY,1985-12-31_FY,1984-12-31_FY,1983-12-31_FY
,revenue,7811000000.0,8237000000.0,7150000000.0,6865000000.0,6498000000.0,6145000000.0,5713000000.0,5092000000.0,5062000000.0,4750000000.0,4497000000.0,4320600000.0,4292700000.0,4404700000.0,4250100000.0,4038283000.0,3906265000.0,3359643000.0,3749568000.0,3923632000.0,3817327000.0,3334482000.0,4050034000.0,4020723000.0,4115400000.0,3629600000.0,1767400000.0,1763300000.0,1842200000.0,1705100000.0,2154300000.0,1725000000.0,1546500000.0,1421400000.0,2387900000.0,2527300000.0,2569100000.0,2538900000.0
,costOfRevenue,0.0,0.0,0.0,0.0,0.0,0.0,0.0,0.0,0.0,0.0,0.0,0.0,0.0,0.0,0.0,0.0,0.0,0.0,0.0,0.0,0.0,0.0,0.0,0.0,0.0,0.0,0.0,0.0,0.0,0.0,0.0,0.0,0.0,0.0,0.0,0.0,0.0,0.0
,grossProfit,0.0,0.0,0.0,0.0,0.0,0.0,0.0,0.0,0.0,0.0,0.0,0.0,0.0,0.0,0.0,0.0,0.0,0.0,0.0,0.0,0.0,0.0,0.0,0.0,0.0,0.0,0.0,0.0,0.0,0.0,0.0,0.0,0.0,0.0,0.0,0.0,0.0,0.0
,grossProfitRatio,0.0,0.0,0.0,0.0,0.0,0.0,0.0,0.0,0.0,0.0,0.0,0.0,0.0,0.0,0.0,0.0,0.0,0.0,0.0,0.0,0.0,0.0,0.0,0.0,0.0,0.0,0.0,0.0,0.0,0.0,0.0,0.0,0.0,0.0,0.0,0.0,0.0,0.0
,,,,,,,,,,,,,,,,,,,,,,,,,,,,,,,,,,,,,,,,,,,,,,,,,,,,,,,,,,,,,,,,,,,,,,,,,,,,,,,,,,,,,,,,,,,,,,,,,,,,,
COST And EXPENSES,,,,,,,,,,,,,,,,,,,,,,,,,,,,,,,,,,,,,,,,,,,,,,,,,,,,,,,,,,,,,,,,,,,,,,,,,,,,,,,,,,,,,,,,,,,,,,,,,,,,,
,ResearchAndDevelopmentExpenses,0.0,0.0,0.0,0.0,0.0,0.0,0.0,0.0,0.0,0.0,0.0,0.0,0.0,0.0,0.0,0.0,0.0,0.0,0.0,0.0,0.0,0.0,0.0,0.0,0.0,0.0,0.0,0.0,0.0,0.0,0.0,0.0,0.0,0.0,0.0,0.0,0.0,0.0
,GeneralAndAdministrativeExpenses,0.0,0.0,0.0,0.0,0.0,0.0,0.0,0.0,404000000.0,434000000.0,433000000.0,462600000.0,463000000.0,0.0,0.0,0.0,0.0,0.0,0.0,0.0,0.0,0.0,0.0,0.0,0.0,0.0,0.0,0.0,0.0,0.0,85800000.0,90200000.0,87000000.0,157000000.0,155700000.0,161700000.0,158600000.0,174400000.0
,SellingAndMarketingExpenses,0.0,0.0,0.0,0.0,0.0,0.0,0.0,0.0,0.0,835000000.0,797000000.0,808200000.0,889400000.0,0.0,0.0,0.0,0.0,0.0,0.0,0.0,0.0,0.0,0.0,0.0,0.0,0.0,0.0,0.0,0.0,0.0,0.0,0.0,0.0,0.0,0.0,0.0,0.0,0.0
,otherExpenses,1487000000.0,0.0,0.0,0.0,0.0,0.0,0.0,0.0,0.0,0.0,0.0,0.0,0.0,0.0,0.0,0.0,0.0,0.0,0.0,0.0,0.0,0.0,0.0,0.0,0.0,0.0,0.0,0.0,0.0,0.0,0.0,0.0,0.0,0.0,0.0,0.0,2157000000.0,2313000000.0
,operatingExpenses,0.0,7129000000.0,6511000000.0,6141000000.0,5711000000.0,5580000000.0,5107000000.0,4414000000.0,4420000000.0,4085000000.0,3803000000.0,3508000000.0,3977000000.0,3740000000.0,3530000000.0,3657000000.0,0.0,0.0,0.0,0.0,0.0,0.0,0.0,0.0,0.0,0.0,0.0,0.0,0.0,0.0,0.0,0.0,0.0,0.0,0.0,0.0,2315600000.0,2487400000.0
,costAndExpenses,6963000000.0,7129000000.0,6511000000.0,6141000000.0,5711000000.0,5580000000.0,5087000000.0,4403000000.0,4525000000.0,4190000000.0,3808000000.0,3507700000.0,3976800000.0,3765800000.0,3552500000.0,3681469000.0,3316727000.0,3058637000.0,3571549000.0,3867734000.0,3707434000.0,3032421000.0,3845280000.0,3701113000.0,1234000000.0,1084600000.0,454500000.0,456800000.0,299300000.0,65800000.0,203300000.0,171000000.0,129000000.0,221400000.0,317500000.0,334600000.0,2315600000.0,2487400000.0
,interestExpense,88000000.0,68000000.0,62000000.0,85000000.0,77000000.0,74000000.0,73000000.0,71000000.0,85000000.0,85000000.0,78000000.0,66700000.0,70000000.0,71300000.0,72500000.0,73227000.0,71893000.0,57320000.0,60407000.0,60744000.0,67642000.0,63672000.0,57682000.0,52331000.0,76100000.0,122600000.0,53200000.0,62800000.0,69600000.0,65800000.0,52000000.0,27900000.0,6300000.0,14800000.0,36600000.0,44800000.0,44700000.0,-17000000.0
,,,,,,,,,,,,,,,,,,,,,,,,,,,,,,,,,,,,,,,,,,,,,,,,,,,,,,,,,,,,,,,,,,,,,,,,,,,,,,,,,,,,,,,,,,,,,,,,,,,,,
EBITDA,,,,,,,,,,,,,,,,,,,,,,,,,,,,,,,,,,,,,,,,,,,,,,,,,,,,,,,,,,,,,,,,,,,,,,,,,,,,,,,,,,,,,,,,,,,,,,,,,,,,,
,depreciationAndAmortization,299000000.0,259000000.0,210000000.0,107000000.0,134000000.0,132000000.0,144000000.0,142000000.0,257000000.0,192000000.0,214000000.0,198400000.0,220500000.0,194300000.0,167000000.0,213035000.0,174220000.0,176857000.0,174990000.0,147588000.0,117388000.0,95000000.0,106000000.0,76400000.0,79400000.0,47800000.0,27500000.0,32800000.0,40700000.0,41800000.0,65500000.0,52900000.0,35700000.0,49600000.0,125200000.0,128100000.0,120900000.0,117400000.0
,EBITDA,1075000000.0,0.0,0.0,0.0,0.0,0.0,0.0,0.0,0.0,0.0,0.0,0.0,0.0,0.0,0.0,0.0,0.0,0.0,0.0,0.0,0.0,0.0,0.0,0.0,0.0,0.0,0.0,0.0,0.0,0.0,0.0,0.0,0.0,0.0,0.0,0.0,374400000.0,168900000.0
,EBITDARatio,0.0,0.0,0.0,0.0,0.0,0.0,0.0,0.0,0.0,0.0,0.0,0.0,0.0,0.0,0.0,0.0,0.0,0.0,0.0,0.0,0.0,0.0,0.0,0.0,0.0,0.0,0.0,0.0,0.0,0.0,0.0,0.0,0.0,0.0,0.0,0.0,0.145731968393601,0.0665248729764859
,,,,,,,,,,,,,,,,,,,,,,,,,,,,,,,,,,,,,,,,,,,,,,,,,,,,,,,,,,,,,,,,,,,,,,,,,,,,,,,,,,,,,,,,,,,,,,,,,,,,,
INCOME,,,,,,,,,,,,,,,,,,,,,,,,,,,,,,,,,,,,,,,,,,,,,,,,,,,,,,,,,,,,,,,,,,,,,,,,,,,,,,,,,,,,,,,,,,,,,,,,,,,,,
,operatingIncome,776000000.0,0.0,0.0,0.0,0.0,0.0,0.0,0.0,0.0,0.0,0.0,0.0,0.0,0.0,0.0,0.0,0.0,0.0,0.0,0.0,0.0,0.0,0.0,0.0,0.0,0.0,0.0,0.0,0.0,0.0,0.0,0.0,0.0,0.0,0.0,0.0,253500000.0,51500000.0
,operatingIncomeRatio,0.0993470746383306,0.134514993322812,0.0893706293706294,0.105462490895849,0.121114188981225,0.0919446704637917,0.109574654297217,0.135310290652003,0.106084551560648,0.117894736842105,0.153213253279964,0.188145165023376,0.0735900482213991,0.145049606102572,0.164137314416131,0.0883578491155771,0.15092114846279,0.0895946384779573,0.0474772027070852,0.0142464940646829,0.0287879450725599,0.0905870836909601,0.0505561187881386,0.0794906786664985,0.0,0.0,0.0,0.0,0.0,0.0,0.0,0.0,0.0,0.0,0.0,0.0,0.0986726869331673,0.0202843751230848
,totalOtherIncomeExpensesNet,204000000.0,201000000.0,199000000.0,206000000.0,224000000.0,243000000.0,102000000.0,97000000.0,183000000.0,175000000.0,181000000.0,226400000.0,294100000.0,344100000.0,364700000.0,414986000.0,342415000.0,266647000.0,259266000.0,219869000.0,253025000.0,137518000.0,117570000.0,159884000.0,1270900000.0,980900000.0,171100000.0,436300000.0,798000000.0,824000000.0,2154300000.0,1725000000.0,1546500000.0,1421400000.0,2387900000.0,2527300000.0,0.0,0.0
,incomeBeforeTax,848000000.0,1108000000.0,639000000.0,724000000.0,787000000.0,565000000.0,626000000.0,689000000.0,537000000.0,560000000.0,689000000.0,812900000.0,315900000.0,638900000.0,697600000.0,356814000.0,589538000.0,301006000.0,178019000.0,55898000.0,109893000.0,302061000.0,204754000.0,319610000.0,0.0,0.0,0.0,0.0,0.0,0.0,0.0,0.0,0.0,0.0,0.0,0.0,298200000.0,34500000.0
,incomeBeforeTaxRatio,0.108564844450134,0.134514993322812,0.0893706293706294,0.105462490895849,0.121114188981225,0.0919446704637917,0.109574654297217,0.135310290652003,0.106084551560648,0.117894736842105,0.153213253279964,0.188145165023376,0.0735900482213991,0.145049606102572,0.164137314416131,0.0883578491155771,0.15092114846279,0.0895946384779573,0.0474772027070852,0.0142464940646829,0.0287879450725599,0.0905870836909601,0.0505561187881386,0.0794906786664985,0.0,0.0,0.0,0.0,0.0,0.0,0.0,0.0,0.0,0.0,0.0,0.0,0.116071776108365,0.0135885619756588
,incomeTaxExpense,127000000.0,239000000.0,122000000.0,247000000.0,119000000.0,195000000.0,220000000.0,236000000.0,135000000.0,240000000.0,266000000.0,282200000.0,115900000.0,225800000.0,235700000.0,115843000.0,186089000.0,-47454000.0,17880000.0,10078000.0,29041000.0,98198000.0,79584000.0,120127000.0,91300000.0,56500000.0,40400000.0,-52600000.0,40900000.0,41900000.0,47200000.0,58300000.0,50600000.0,20400000.0,134200000.0,99900000.0,128200000.0,14800000.0
,netIncome,732000000.0,897000000.0,530000000.0,475000000.0,649000000.0,352000000.0,452000000.0,471000000.0,488000000.0,343000000.0,479000000.0,519300000.0,195800000.0,383200000.0,453400000.0,206580000.0,359860000.0,293815000.0,84640000.0,-14840000.0,-56035000.0,141440000.0,124400000.0,192250000.0,233300000.0,191200000.0,300000.0,232000000.0,305400000.0,2600000.0,97800000.0,174100000.0,103400000.0,36200000.0,154200000.0,110800000.0,170000000.0,19700000.0
,netIncomeRatio,0.0937139930866726,0.108898870948161,0.0741258741258741,0.0691915513474144,0.0998768851954448,0.0572823433685924,0.0791178015053387,0.0924980361351139,0.096404583168708,0.0722105263157895,0.10651545474761,0.120191640049993,0.0456123185873693,0.0869979794310623,0.106679842827228,0.0511554044132123,0.092123806244584,0.0874542324883924,0.0225732671070374,-0.00378220995241144,-0.0146791197086338,0.0424173829698286,0.0307157915217502,0.0478147835600712,0.0566895077027749,0.0526779810447432,0.00016974086228358,0.131571485283276,0.165780045597655,0.00152483725294704,0.045397576939145,0.100927536231884,0.0668606530876172,0.0254678485999719,0.0645755684911428,0.0438412535116528,0.0661710326573508,0.00775926582378195
,,,,,,,,,,,,,,,,,,,,,,,,,,,,,,,,,,,,,,,,,,,,,,,,,,,,,,,,,,,,,,,,,,,,,,,,,,,,,,,,,,,,,,,,,,,,,,,,,,,,,
EPS,,,,,,,,,,,,,,,,,,,,,,,,,,,,,,,,,,,,,,,,,,,,,,,,,,,,,,,,,,,,,,,,,,,,,,,,,,,,,,,,,,,,,,,,,,,,,,,,,,,,,
,EPS,8.10598141032693,9.933149,5.9356,5.380884,7.47,4.024032,5.153417,5.293366,5.484421,3.505494,4.38,4.577271,1.71,3.25,3.84,1.786667,3.26,2.76,0.82,-0.145644407804342,-0.634184987126164,1.58,1.353333,0.433333,2.56128,2.58796,-0.55361,4.56895,4.32216,0.022233,1.0672,1.65416,0.97382,0.30682,1.28731,0.92046,1.27341,0.16003
,EPSDiluted,8.10598141032693,9.85,5.85,5.28,7.33,3.94,4.97,5.16,5.09,3.33,4.33,4.45,1.67,3.1,3.75,1.746667,3.206667,2.746667,0.813333,-0.144707075434901,-0.632370698897428,1.566667,1.333333,0.426667,2.52793,2.56795,-0.55361,4.56895,4.32216,0.022233,1.0672,1.65416,0.97382,0.30682,1.28731,0.92046,1.27341,0.16003
,weightedAverageShsOut,86345246.0,90303686.0,89291724.0,88275460.0,86900000.0,87474452.0,87708793.0,88979303.0,88979303.0,97846402.0,109200000.0,115800000.0,114400000.0,117700000.0,118000000.0,115827000.0,110446500.0,104905500.0,103200000.0,101892000.0,88357500.0,89598000.0,91833000.0,89490000.0,91087269.0,71446236.0,72963518.0,50777531.0,70659115.0,73578595.0,91641679.0,105249794.0,106179787.0,117984486.0,119784667.0,120374595.0,133500000.0,123100000.0
,weightedAverageShsOutDil,87200000.0,91000000.0,90600000.0,89800000.0,88500000.0,89400000.0,91000000.0,91200000.0,95900000.0,102900000.0,110500000.0,116800000.0,116700000.0,123200000.0,120500000.0,117769500.0,112237500.0,105408000.0,103804500.0,102552000.0,88611000.0,90315000.0,93277500.0,91122000.0,92288948.0,72002960.0,72963518.0,50777531.0,70659115.0,73578595.0,91641679.0,105249794.0,106179787.0,117984486.0,119784667.0,120374595.0,133500000.0,123100000.0
