date,,2020-12-31_FY,2019-12-31_FY,2018-12-31_FY,2017-12-31_FY,2016-12-31_FY,2015-12-31_FY,2014-12-31_FY,2013-12-31_FY,2012-12-31_FY,2011-12-31_FY,2010-12-31_FY,2009-12-31_FY,2008-12-31_FY,2007-12-31_FY,2006-12-31_FY,2005-12-31_FY,2004-12-31_FY,2003-12-31_FY,2002-12-31_FY,2001-12-31_FY,2000-12-31_FY,1999-12-31_FY,1998-12-31_FY,1997-12-31_FY,1996-12-31_FY,1995-12-31_FY,1994-12-31_FY,1993-12-31_FY,1992-12-31_FY
,revenue,9149700000.0,9041400000.0,9352000000.0,8306500000.0,7410500000.0,7467300000.0,9723700000.0,10786900000.0,9962200000.0,8773200000.0,6896600000.0,6630400000.0,8424600000.0,6828100000.0,5435000000.0,5449700000.0,5273300000.0,3495300000.0,2922700000.0,2541500000.0,2336100000.0,2413300000.0,2941400000.0,3224400000.0,2317500000.0,2125000000.0,1359000000.0,595700000.0,314500000.0
,costOfRevenue,7092200000.0,7057100000.0,7355300000.0,6541200000.0,5895000000.0,5906700000.0,7657400000.0,8396300000.0,7839000000.0,6997100000.0,5637900000.0,5557900000.0,6924900000.0,5637100000.0,4507200000.0,4516100000.0,4320400000.0,2878900000.0,2390900000.0,2106700000.0,1959500000.0,2056900000.0,2404100000.0,2557600000.0,1847200000.0,1592200000.0,1023600000.0,467500000.0,254800000.0
,grossProfit,2057500000.0,1984300000.0,1996700000.0,1765300000.0,1515500000.0,1560600000.0,2066300000.0,2390600000.0,2123200000.0,1776100000.0,1258700000.0,1072500000.0,1499700000.0,1191000000.0,927800000.0,933600000.0,952900000.0,616400000.0,531800000.0,434800000.0,376600000.0,356400000.0,537300000.0,666800000.0,470300000.0,532800000.0,335400000.0,128200000.0,59700000.0
,grossProfitRatio,0.224870760789971,0.219468223947619,0.213505132591959,0.212520315415638,0.204507118278119,0.208991201639147,0.212501414070776,0.221620669515802,0.213125614824035,0.202446085806775,0.182510222428443,0.161754946911197,0.178014386439712,0.174426267922262,0.170708371665133,0.171312182321963,0.180702785731895,0.176351100048637,0.18195504157115,0.171080070824316,0.161208852360772,0.147681597812124,0.182668117223091,0.206798163999504,0.202934196332255,0.250729411764706,0.246799116997793,0.215208997817693,0.189825119236884
,,,,,,,,,,,,,,,,,,,,,,,,,,,,,,,,,,,,,,,,,,,,,,,,,,,,,,,,,,,,,,,,,,,,,,,,,,,,,,,,,,,,,,,,,,,,,,,,,,,,,
COST And EXPENSES,,,,,,,,,,,,,,,,,,,,,,,,,,,,,,,,,,,,,,,,,,,,,,,,,,,,,,,,,,,,,,,,,,,,,,,,,,,,,,,,,,,,,,,,,,,,,,,,,,,,,
,ResearchAndDevelopmentExpenses,0.0,0.0,0.0,0.0,0.0,0.0,0.0,0.0,0.0,275600000.0,219600000.0,191900000.0,194500000.0,154900000.0,127900000.0,0.0,0.0,0.0,0.0,0.0,0.0,0.0,0.0,0.0,0.0,0.0,0.0,0.0,0.0
,GeneralAndAdministrativeExpenses,1001500000.0,1040300000.0,1069400000.0,970700000.0,867900000.0,852300000.0,995400000.0,1088700000.0,1041200000.0,869300000.0,692100000.0,630100000.0,720900000.0,625700000.0,541700000.0,642400000.0,613500000.0,403000000.0,383700000.0,306600000.0,273800000.0,274200000.0,326800000.0,329500000.0,243300000.0,227900000.0,148900000.0,77400000.0,43900000.0
,SellingAndMarketingExpenses,0.0,0.0,0.0,0.0,0.0,0.0,0.0,0.0,0.0,0.0,0.0,0.0,0.0,0.0,0.0,0.0,0.0,0.0,0.0,0.0,0.0,0.0,0.0,0.0,0.0,0.0,0.0,0.0,0.0
,otherExpenses,-22700000.0,-67100000.0,-74900000.0,-74400000.0,-31400000.0,-36300000.0,-49100000.0,-40100000.0,-34800000.0,0.0,0.0,0.0,0.0,0.0,0.0,0.0,0.0,0.0,0.0,0.0,0.0,0.0,0.0,0.0,0.0,0.0,0.0,0.0,0.0
,operatingExpenses,1403600000.0,1444800000.0,1489300000.0,1350800000.0,1215200000.0,1177200000.0,1373400000.0,1489900000.0,1407600000.0,1166500000.0,930100000.0,840000000.0,934500000.0,798500000.0,857900000.0,658900000.0,629300000.0,405300000.0,385100000.0,325100000.0,310800000.0,298700000.0,366800000.0,329500000.0,243300000.0,263400000.0,168200000.0,80300000.0,45600000.0
,costAndExpenses,8495800000.0,8501900000.0,8844600000.0,7892000000.0,7110200000.0,7083900000.0,9030800000.0,9886200000.0,9246600000.0,8163600000.0,6568000000.0,6397900000.0,7859400000.0,6435600000.0,5365100000.0,5175000000.0,4949700000.0,3284200000.0,2776000000.0,2431800000.0,2270300000.0,2355600000.0,2770900000.0,2887100000.0,2090500000.0,1855600000.0,1191800000.0,547800000.0,300400000.0
,interestExpense,24900000.0,28800000.0,61900000.0,54500000.0,65400000.0,64100000.0,71900000.0,78800000.0,77700000.0,59000000.0,64000000.0,65700000.0,19100000.0,0.0,0.0,0.0,0.0,0.0,0.0,0.0,0.0,0.0,0.0,0.0,0.0,0.0,0.0,0.0,0.0
,,,,,,,,,,,,,,,,,,,,,,,,,,,,,,,,,,,,,,,,,,,,,,,,,,,,,,,,,,,,,,,,,,,,,,,,,,,,,,,,,,,,,,,,,,,,,,,,,,,,,
EBITDA,,,,,,,,,,,,,,,,,,,,,,,,,,,,,,,,,,,,,,,,,,,,,,,,,,,,,,,,,,,,,,,,,,,,,,,,,,,,,,,,,,,,,,,,,,,,,,,,,,,,,
,depreciationAndAmortization,59500000.0,61100000.0,64700000.0,57000000.0,51200000.0,42700000.0,41000000.0,47800000.0,49300000.0,21600000.0,18400000.0,18000000.0,19100000.0,17900000.0,16900000.0,16500000.0,15800000.0,1700000.0,1400000.0,18500000.0,15100000.0,76800000.0,79700000.0,72000000.0,53500000.0,35500000.0,19300000.0,2900000.0,1700000.0
,EBITDA,713400000.0,600600000.0,572100000.0,471500000.0,351500000.0,426100000.0,733900000.0,948500000.0,764900000.0,631200000.0,347000000.0,250500000.0,584300000.0,410400000.0,86800000.0,291200000.0,339400000.0,212800000.0,148100000.0,128200000.0,80900000.0,134500000.0,250200000.0,409300000.0,280500000.0,304900000.0,186500000.0,50800000.0,15800000.0
,EBITDARatio,0.0779697695006394,0.0664277656115203,0.0611740804106074,0.0567627761391681,0.0474326968490655,0.0570621241948228,0.0754753848843547,0.0879307307938333,0.0767802292666279,0.0719463821638627,0.0503146477974654,0.0377805260617761,0.0693564086128718,0.0601045678885781,0.0159705611775529,0.0534341339890269,0.0643619744751863,0.0608817555002432,0.050672323536456,0.0504426519771788,0.0346303668507341,0.0557328139891435,0.0850615353233154,0.126938345118472,0.121035598705502,0.143482352941176,0.137233259749816,0.0852778244082592,0.0502384737678855
,,,,,,,,,,,,,,,,,,,,,,,,,,,,,,,,,,,,,,,,,,,,,,,,,,,,,,,,,,,,,,,,,,,,,,,,,,,,,,,,,,,,,,,,,,,,,,,,,,,,,
INCOME,,,,,,,,,,,,,,,,,,,,,,,,,,,,,,,,,,,,,,,,,,,,,,,,,,,,,,,,,,,,,,,,,,,,,,,,,,,,,,,,,,,,,,,,,,,,,,,,,,,,,
,operatingIncome,653900000.0,539500000.0,507400000.0,414500000.0,300300000.0,383400000.0,692900000.0,900700000.0,715600000.0,609600000.0,328600000.0,232500000.0,565200000.0,392500000.0,69900000.0,274700000.0,323600000.0,211100000.0,146700000.0,109700000.0,65800000.0,57700000.0,170500000.0,337300000.0,227000000.0,269400000.0,167200000.0,47900000.0,14100000.0
,operatingIncomeRatio,0.0714668240488759,0.059669962616409,0.0542557741659538,0.0499006801902125,0.0405235814047635,0.0513438592262263,0.0712588829355081,0.0834994298640017,0.0718315231575355,0.0694843386677609,0.0476466664733347,0.0350657577220077,0.0670892386582152,0.0574830479928531,0.0128610855565777,0.0504064443914344,0.0613657482032124,0.0603953880925815,0.0501933144010675,0.0431634861302381,0.0281666024570866,0.0239091700161604,0.0579655946148093,0.104608609353678,0.0979503775620281,0.126776470588235,0.123031640912436,0.0804096021487326,0.0448330683624801
,totalOtherIncomeExpensesNet,-76900000.0,-258500000.0,-93300000.0,-85600000.0,-43300000.0,-58600000.0,-95500000.0,-40100000.0,-57200000.0,-18400000.0,-20400000.0,-35400000.0,-20300000.0,-10700000.0,-177500000.0,-12000000.0,-1600000.0,-36000000.0,-49800000.0,-25800000.0,-45200000.0,-46300000.0,-54700000.0,-25500000.0,-4900000.0,-11100000.0,-19400000.0,4100000.0,4300000.0
,incomeBeforeTax,562000000.0,261100000.0,360300000.0,283800000.0,204900000.0,279400000.0,539000000.0,802600000.0,600800000.0,561000000.0,274900000.0,153800000.0,525800000.0,327300000.0,-19200000.0,160100000.0,224400000.0,98300000.0,25800000.0,14700000.0,-13900000.0,-32200000.0,74300000.0,245700000.0,171600000.0,195000000.0,104900000.0,0.0,0.0
,incomeBeforeTaxRatio,0.0614227788889253,0.0288782710642157,0.0385265183917879,0.0341660145669054,0.0276499561433102,0.0374164691387784,0.0554315744006911,0.074405065403406,0.0603079641043143,0.0639447408015319,0.0398602209784532,0.0231961872586873,0.0624124587517508,0.0479342716128938,-0.00353265869365225,0.0293777639136099,0.0425539984449965,0.0281234801018511,0.00882745406644541,0.00578398583513673,-0.00595008775309276,-0.0133427257282559,0.0252600802339022,0.0762002232973576,0.0740453074433657,0.0917647058823529,0.0771891096394408,0.0,0.0
,incomeTaxExpense,187700000.0,180800000.0,110900000.0,133600000.0,92200000.0,72500000.0,187700000.0,258500000.0,137900000.0,24600000.0,104400000.0,56500000.0,164600000.0,111400000.0,73500000.0,151100000.0,86200000.0,41300000.0,99800000.0,1900000.0,-7600000.0,-10200000.0,27500000.0,87500000.0,60000000.0,65900000.0,-10600000.0,0.0,0.0
,netIncome,427100000.0,125200000.0,285500000.0,186400000.0,160100000.0,266400000.0,410400000.0,597200000.0,522100000.0,583300000.0,220500000.0,135700000.0,400000000.0,246300000.0,-64900000.0,31600000.0,158800000.0,74400000.0,-84400000.0,22600000.0,3500000.0,-11500000.0,60600000.0,168700000.0,125900000.0,129100000.0,115500000.0,34100000.0,6000000.0
,netIncomeRatio,0.0466791260915658,0.0138474130112593,0.0305282292557742,0.0224402576295672,0.0216044801295459,0.0356755453778474,0.0422061560928453,0.0553634501107825,0.0524081026279336,0.0664865727442666,0.0319722761940666,0.0204663368725869,0.0474799990504,0.0360715279506744,-0.0119411223551058,0.00579848432023781,0.0301139703790795,0.0212857265470775,-0.0288774078762788,0.00889238638599252,0.00149822353495141,-0.00476525918866283,0.0206024342149997,0.0523198114377869,0.0543257820927724,0.0607529411764706,0.0849889624724062,0.0572435789827094,0.0190779014308426
,,,,,,,,,,,,,,,,,,,,,,,,,,,,,,,,,,,,,,,,,,,,,,,,,,,,,,,,,,,,,,,,,,,,,,,,,,,,,,,,,,,,,,,,,,,,,,,,,,,,,
EPS,,,,,,,,,,,,,,,,,,,,,,,,,,,,,,,,,,,,,,,,,,,,,,,,,,,,,,,,,,,,,,,,,,,,,,,,,,,,,,,,,,,,,,,,,,,,,,,,,,,,,
,EPS,5.60498687664042,1.64,3.62,2.34,1.97,3.06206896551724,4.39,6.14,5.38,6.1,2.38,1.47,4.36,2.69,-0.71,0.349557522123894,1.84,0.99,-1.14,0.330893118594436,0.0591216216216216,-0.2,1.01,2.79,2.28,2.76,3.07,1.11,0.27
,EPSDiluted,5.60498687664042,1.63,3.58,2.32,1.96,3.0585533869116,4.36,6.01,5.3,5.95,2.29,1.44,4.09,2.55,-0.71,0.348401323042999,1.71,0.98,-1.14,0.32992700729927,0.0586264656616415,-0.2,0.99,2.71,2.2,2.3,2.35,0.93,0.27
,weightedAverageShsOut,76200000.0,76200000.0,78800000.0,79500000.0,81400000.0,87000000.0,93400000.0,97300000.0,97100000.0,95600000.0,92800000.0,92200000.0,91700000.0,91500000.0,90800000.0,90400000.0,86200000.0,75200000.0,74200000.0,68300000.0,59200000.0,58700000.0,59700000.0,60400000.0,55186000.0,46050725.0,35863192.0,27387387.0,22222222.0
,weightedAverageShsOutDil,76200000.0,77000000.0,79700000.0,80200000.0,81700000.0,87100000.0,94200000.0,99400000.0,98600000.0,98100000.0,96400000.0,94100000.0,97700000.0,96600000.0,90800000.0,90700000.0,95600000.0,75600000.0,74200000.0,68500000.0,59700000.0,58700000.0,61200000.0,62100000.0,57441000.0,55260870.0,46851064.0,32688172.0,22222222.0
