Date,2018-12-31,2017-12-31,2016-12-31,2015-12-31,2014-12-31,2013-12-31,2012-12-31,2011-12-31,2010-12-31,2009-12-31
Revenue,15787400000.0,15940700000.0,14570600000.0,12688100000.0,4676500000.0,2602500000.0,5914900000.0,4584400000.0,3566900000.0,2793000000.0
Revenue Growth,-0.0096,0.094,0.1484,1.7132,0.7969,-0.56,0.2902,0.2853,0.2771,0.1016
Cost of Revenue,2191400000.0,2168000000.0,1860800000.0,2751800000.0,1704800000.0,1644700000.0,3394300000.0,2566500000.0,1998500000.0,1596800000.0
Gross Profit,13596000000.0,13772700000.0,12709800000.0,9936300000.0,2971700000.0,957800000.0,2520600000.0,2017900000.0,1568400000.0,1196200000.0
R&D Expenses,2266200000.0,2100100000.0,2575700000.0,2358500000.0,605700000.0,191300000.0,402500000.0,306600000.0,296100000.0,197300000.0
SG&A Expense,4521800000.0,5016700000.0,4740300000.0,4481500000.0,2267400000.0,830900000.0,1171800000.0,754900000.0,756100000.0,520200000.0
Operating Expenses,19843600000.0,19693900000.0,14535300000.0,13067300000.0,5538900000.0,1327000000.0,2204900000.0,1494500000.0,1263000000.0,812300000.0
Operating Income,-6247600000.0,-5921200000.0,-1825500000.0,-3131000000.0,-2567200000.0,-369200000.0,315700000.0,523400000.0,305400000.0,383900000.0
Interest Expense,911200000.0,1095600000.0,1295600000.0,1193300000.0,411800000.0,239800000.0,111600000.0,69000000.0,84100000.0,34200000.0
Earnings before Tax,-6867100000.0,-10795900000.0,13076400000.0,2309300000.0,-2144100000.0,-905700000.0,244100000.0,457800000.0,251700000.0,362600000.0
Income Tax Expense,-1770700000.0,-6670400000.0,-1897000000.0,-1605900000.0,-513600000.0,-155300000.0,146800000.0,196900000.0,67300000.0,140600000.0
Net Income - Non-Controlling int,10200000.0,6600000.0,6100000.0,4200000.0,0.0,0.0,1000000.0,-1800000.0,-1100000.0,0.0
Net Income - Discontinued ops,0.0,402900000.0,-15914500000.0,-6861000000.0,-854100000.0,282900000.0,0.0,0.0,0.0,0.0
Net Income,-5096400000.0,-4125500000.0,14973400000.0,3915200000.0,-1630500000.0,-750400000.0,97300000.0,260900000.0,184400000.0,222000000.0
Preferred Dividends,46400000.0,278400000.0,278400000.0,232000000.0,0.0,0.0,0.0,0.0,0.0,0.0
Net Income Com,-5142800000.0,-4403900000.0,14695000000.0,3683200000.0,-1630500000.0,-750400000.0,97300000.0,260900000.0,184400000.0,222000000.0
EPS,-15.26,-13.19,38.18,10.01,-7.42,-5.27,0.77,2.1,1.51,2.11
EPS Diluted,-15.26,-13.19,38.18,10.01,-7.42,-5.27,0.76,2.06,1.48,1.96
Weighted Average Shs Out,337285952.0,332583097.0,375080162.0,394124530.0,265061115.0,174047953.0,127756777.0,127158396.0,125309000.0,106140000.0
Weighted Average Shs Out (Dil),337000000.0,333800000.0,384900000.0,367800000.0,219700000.0,142300000.0,125800000.0,124500000.0,122400000.0,105000000.0
Dividend per Share,2.88,2.8,0.0,0.1,0.2,0.1,0.0,0.0,0.0,0.0
Gross Margin,0.8612,0.864,0.8723,0.7831,0.6355,0.368,0.4261,0.4402,0.4397,0.4283
EBITDA Margin,0.05,-0.146,1.441,0.749,0.234,0.146,0.158,0.213,0.173,0.21
EBIT Margin,-0.3773,-0.6085,0.9864,0.2761,-0.3704,-0.2559,0.0601,0.1149,0.0941,0.1421
Profit Margin,-0.326,-0.276,1.009,0.29,-0.349,-0.288,0.016,0.057,0.052,0.079
Free Cash Flow margin,0.3431,0.3598,0.0788,0.3382,0.4315,0.4007,0.0907,0.1117,0.145,0.1161
EBITDA,792700000.0,-2331700000.0,21003000000.0,9497900000.0,1096100000.0,378800000.0,934300000.0,974700000.0,617700000.0,585800000.0
EBIT,-5955900000.0,-9700300000.0,14372000000.0,3502600000.0,-1732300000.0,-665900000.0,355700000.0,526800000.0,335800000.0,396800000.0
Consolidated Income,-5086200000.0,-4118900000.0,14979500000.0,3919400000.0,-1630500000.0,-750400000.0,98300000.0,259100000.0,183300000.0,222000000.0
Earnings Before Tax Margin,-0.435,-0.6773,0.8975,0.182,-0.4585,-0.348,0.0413,0.0999,0.0706,0.1298
Net Profit Margin,-0.3228,-0.2588,1.0276,0.3086,-0.3487,-0.2883,0.0164,0.0569,0.0517,0.0795
