date,,2021-05-31_FY,2020-05-31_FY,2019-05-31_FY,2018-05-31_FY,2017-05-31_FY,2016-05-31_FY,2015-05-31_FY,2014-05-31_FY,2013-05-31_FY,2012-05-31_FY,2011-05-31_FY,2010-05-31_FY,2009-05-31_FY,2008-05-31_FY,2007-05-31_FY,2006-05-31_FY,2005-05-31_FY,2004-05-31_FY,2003-05-31_FY,2002-05-31_FY,2001-05-31_FY,2000-05-31_FY,1999-05-31_FY,1998-05-31_FY,1997-05-31_FY,1996-05-31_FY,1995-05-31_FY,1994-05-31_FY,1993-05-31_FY,1992-05-31_FY,1991-05-31_FY,1990-05-31_FY,1989-05-31_FY,1988-05-31_FY,1987-05-31_FY,1986-05-31_FY
,revenue,1652300000.0,2072000000.0,2051800000.0,1748300000.0,1767600000.0,1662600000.0,1594300000.0,2035000000.0,2137300000.0,2064998000.0,1775782000.0,1352151000.0,1423976000.0,1384919000.0,1061169000.0,897284000.0,747848000.0,651958000.0,606337000.0,638754000.0,874255000.0,1024333000.0,918036000.0,782123000.0,589328000.0,504990000.0,451395000.0,407754000.0,382800000.0,422700000.0,466500000.0,444900000.0,406400000.0,347600000.0,298200000.0,248000000.0
,costOfRevenue,1376400000.0,1802800000.0,1722300000.0,1453700000.0,1491100000.0,1425700000.0,1435000000.0,1694800000.0,1823100000.0,1742741000.0,1467367000.0,1108632000.0,1182361000.0,1120847000.0,877022000.0,733303000.0,627022000.0,551251000.0,523919000.0,624873000.0,737788000.0,851480000.0,744777000.0,633717000.0,480787000.0,414225000.0,373524000.0,335844000.0,303500000.0,327600000.0,362600000.0,334300000.0,302700000.0,262000000.0,224500000.0,185700000.0
,grossProfit,275900000.0,269200000.0,329500000.0,294600000.0,276500000.0,236900000.0,159300000.0,340200000.0,314200000.0,322257000.0,308415000.0,243519000.0,241615000.0,264072000.0,184147000.0,163981000.0,120826000.0,100707000.0,82418000.0,13881000.0,136467000.0,172853000.0,173259000.0,148406000.0,108541000.0,90765000.0,77871000.0,71910000.0,79300000.0,95100000.0,103900000.0,110600000.0,103700000.0,85600000.0,73700000.0,62300000.0
,grossProfitRatio,0.166979362101313,0.12992277992278,0.160590700848036,0.168506549219242,0.15642679339217,0.142487669914592,0.0999184595120115,0.167174447174447,0.147007907172601,0.156056809740252,0.173678413228651,0.180097489111793,0.16967631476935,0.190676855469526,0.173532208347586,0.182752617900241,0.161564916934992,0.154468539384439,0.135927710167778,0.0217313707624532,0.15609518961859,0.168746882117436,0.188727893023803,0.189747648387786,0.184177571742731,0.179736232400642,0.172511879839165,0.176356332494592,0.207157784743992,0.224982256919801,0.222722400857449,0.248595189930321,0.255167322834646,0.246260069044879,0.247149564050972,0.251209677419355
,,,,,,,,,,,,,,,,,,,,,,,,,,,,,,,,,,,,,,,,,,,,,,,,,,,,,,,,,,,,,,,,,,,,,,,,,,,,,,,,,,,,,,,,,,,,,,,,,,,,,
COST And EXPENSES,,,,,,,,,,,,,,,,,,,,,,,,,,,,,,,,,,,,,,,,,,,,,,,,,,,,,,,,,,,,,,,,,,,,,,,,,,,,,,,,,,,,,,,,,,,,,,,,,,,,,
,ResearchAndDevelopmentExpenses,0.0,0.0,0.0,0.0,0.0,0.0,0.0,0.0,0.0,0.0,0.0,0.0,0.0,0.0,0.0,0.0,0.0,0.0,0.0,0.0,0.0,0.0,0.0,0.0,0.0,0.0,0.0,0.0,0.0,0.0,0.0,0.0,0.0,0.0,0.0,0.0
,GeneralAndAdministrativeExpenses,0.0,220600000.0,215400000.0,208600000.0,196700000.0,170800000.0,171400000.0,197600000.0,198400000.0,189397000.0,173599000.0,153299000.0,147219000.0,135502000.0,105091000.0,101326000.0,87902000.0,81929000.0,84205000.0,85037000.0,96077000.0,102195000.0,95878000.0,83690000.0,65651000.0,58323000.0,53433000.0,50086000.0,63100000.0,56900000.0,61800000.0,53900000.0,52300000.0,50300000.0,39500000.0,35000000.0
,SellingAndMarketingExpenses,0.0,0.0,0.0,0.0,0.0,0.0,0.0,0.0,0.0,0.0,0.0,0.0,0.0,0.0,0.0,0.0,0.0,0.0,0.0,0.0,0.0,0.0,0.0,0.0,0.0,0.0,0.0,0.0,0.0,0.0,0.0,0.0,0.0,0.0,0.0,0.0
,otherExpenses,8500000.0,5400000.0,15800000.0,0.0,0.0,0.0,0.0,0.0,0.0,-1542000.0,-8699000.0,0.0,0.0,-5948000.0,-16310000.0,-1502000.0,-568000.0,0.0,0.0,0.0,0.0,0.0,0.0,0.0,0.0,0.0,0.0,0.0,0.0,0.0,0.0,0.0,0.0,0.0,0.0,0.0
,operatingExpenses,190900000.0,226000000.0,231200000.0,208600000.0,196700000.0,170800000.0,171400000.0,197600000.0,198400000.0,187855000.0,164900000.0,153299000.0,147219000.0,129554000.0,88781000.0,99824000.0,87334000.0,81929000.0,84205000.0,95170000.0,96077000.0,102195000.0,95878000.0,83690000.0,65651000.0,58323000.0,53433000.0,50086000.0,74000000.0,68500000.0,73500000.0,63700000.0,59100000.0,56000000.0,44900000.0,39600000.0
,costAndExpenses,1567300000.0,2028800000.0,1953500000.0,1662300000.0,1687800000.0,1596500000.0,1606400000.0,1892400000.0,2021500000.0,1930596000.0,1632267000.0,1261931000.0,1329580000.0,1250401000.0,965803000.0,833127000.0,714356000.0,633180000.0,608124000.0,720043000.0,833865000.0,953675000.0,840655000.0,717407000.0,546438000.0,472548000.0,426957000.0,385930000.0,377500000.0,396100000.0,436100000.0,398000000.0,361800000.0,318000000.0,269400000.0,225300000.0
,interestExpense,5000000.0,9300000.0,9500000.0,8000000.0,5500000.0,6400000.0,26500000.0,42000000.0,41600000.0,37772000.0,30670000.0,26832000.0,18371000.0,0.0,0.0,0.0,0.0,0.0,0.0,0.0,0.0,0.0,0.0,0.0,0.0,0.0,0.0,0.0,0.0,0.0,0.0,0.0,0.0,0.0,0.0,0.0
,,,,,,,,,,,,,,,,,,,,,,,,,,,,,,,,,,,,,,,,,,,,,,,,,,,,,,,,,,,,,,,,,,,,,,,,,,,,,,,,,,,,,,,,,,,,,,,,,,,,,
EBITDA,,,,,,,,,,,,,,,,,,,,,,,,,,,,,,,,,,,,,,,,,,,,,,,,,,,,,,,,,,,,,,,,,,,,,,,,,,,,,,,,,,,,,,,,,,,,,,,,,,,,,
,depreciationAndAmortization,36300000.0,43700000.0,42800000.0,40500000.0,71000000.0,70800000.0,123900000.0,113400000.0,108600000.0,80333000.0,59296000.0,38930000.0,40551000.0,39952000.0,32199000.0,29222000.0,27950000.0,26680000.0,27172000.0,22496000.0,18577000.0,18373000.0,17063000.0,14283000.0,12287000.0,10115000.0,10328000.0,9928000.0,10900000.0,11600000.0,11700000.0,9800000.0,6800000.0,5700000.0,5400000.0,4600000.0
,EBITDA,95300000.0,63000000.0,64700000.0,67600000.0,157100000.0,143700000.0,132100000.0,260400000.0,231900000.0,211308000.0,195156000.0,131376000.0,176882000.0,155439000.0,118833000.0,74718000.0,46470000.0,28387000.0,7682000.0,-75733000.0,38797000.0,67899000.0,76849000.0,65440000.0,45262000.0,32897000.0,25041000.0,23622000.0,9000000.0,25200000.0,33100000.0,48000000.0,43800000.0,36100000.0,33000000.0,25200000.0
,EBITDARatio,0.0576771772680506,0.0304054054054054,0.0315332878448192,0.0386661328147343,0.08887757411179,0.0864308913749549,0.082857680486734,0.127960687960688,0.108501380246105,0.102328428405258,0.109898624943828,0.0971607461001027,0.124216981185076,0.112236888944408,0.111983105424301,0.0832712942613487,0.0621382954825045,0.0435411483561825,0.0126695220644625,-0.118563641088745,0.044377212598155,0.0662860612710906,0.0837102248713558,0.0836697041258216,0.0768027312464366,0.0651438642349353,0.05547469511182,0.0579319884047735,0.0235109717868339,0.0596167494677076,0.0709539121114684,0.107889413351315,0.107775590551181,0.10385500575374,0.110663983903421,0.101612903225806
,,,,,,,,,,,,,,,,,,,,,,,,,,,,,,,,,,,,,,,,,,,,,,,,,,,,,,,,,,,,,,,,,,,,,,,,,,,,,,,,,,,,,,,,,,,,,,,,,,,,,
INCOME,,,,,,,,,,,,,,,,,,,,,,,,,,,,,,,,,,,,,,,,,,,,,,,,,,,,,,,,,,,,,,,,,,,,,,,,,,,,,,,,,,,,,,,,,,,,,,,,,,,,,
,operatingIncome,85000000.0,43200000.0,98300000.0,86000000.0,79800000.0,66100000.0,-12100000.0,142600000.0,115800000.0,134402000.0,143515000.0,90220000.0,94396000.0,134518000.0,95366000.0,64157000.0,33492000.0,18778000.0,-1787000.0,-81289000.0,40390000.0,70658000.0,77381000.0,64716000.0,42890000.0,32442000.0,24438000.0,21824000.0,5300000.0,26600000.0,30400000.0,46900000.0,44600000.0,29600000.0,28800000.0,22700000.0
,operatingIncomeRatio,0.0390364945833081,0.0208494208494209,0.0479091529388829,0.0491906423382715,0.0451459606245757,0.0397570070973175,-0.00758953772815656,0.0700737100737101,0.0541805081177186,0.0650857773227868,0.0808179157126269,0.066723317144313,0.0662904430973556,0.0971305903088917,0.0898688144866652,0.0715013306823704,0.0447845016634396,0.0288024688706941,-0.00294720592673711,-0.12726182536626,0.0461993354341697,0.0689795213080121,0.0842897228431129,0.0827440185239406,0.0727778079439633,0.064242856294184,0.0541388362742166,0.0535224669776385,0.0138453500522466,0.0629287911048025,0.0651661307609861,0.105416947628681,0.109744094488189,0.0851553509781358,0.096579476861167,0.0915322580645161
,totalOtherIncomeExpensesNet,20500000.0,12800000.0,9300000.0,8800000.0,5500000.0,6800000.0,70900000.0,37300000.0,33600000.0,40893000.0,35012000.0,26032000.0,-25513000.0,18430000.0,7945000.0,18661000.0,11853000.0,17071000.0,17703000.0,16940000.0,20170000.0,21132000.0,17595000.0,13559000.0,9915000.0,9660000.0,9725000.0,8140000.0,7200000.0,13000000.0,9000000.0,8700000.0,7600000.0,-800000.0,1200000.0,2100000.0
,incomeBeforeTax,64500000.0,30400000.0,89000000.0,77200000.0,74300000.0,59300000.0,-83000000.0,105300000.0,82200000.0,93509000.0,108503000.0,64188000.0,119909000.0,116088000.0,87421000.0,45496000.0,21639000.0,1707000.0,-19490000.0,-98229000.0,20220000.0,49526000.0,59786000.0,51157000.0,32975000.0,22782000.0,14713000.0,13684000.0,-1900000.0,13600000.0,21400000.0,38200000.0,37000000.0,30400000.0,27600000.0,20600000.0
,incomeBeforeTaxRatio,0.0390364945833081,0.0146718146718147,0.043376547421776,0.0441571812617972,0.0420343969223806,0.0356670275472152,-0.0520604654080161,0.0517444717444717,0.0384597389229402,0.0452828525741914,0.0611015316069202,0.0474710294930078,0.0842071776490615,0.0838229528225116,0.0823817883862043,0.0507041248924532,0.0289350242295226,0.00261826682086883,-0.0321438408014025,-0.15378220723471,0.0231282634929168,0.0483495113405504,0.0651238077809585,0.0654078706290443,0.0559535606657074,0.0451137646290026,0.0325945125665991,0.0335594500605757,-0.00496342737722048,0.0321741187603501,0.0458735262593783,0.0858619914587548,0.0910433070866142,0.0874568469505178,0.0925553319919517,0.0830645161290323
,incomeTaxExpense,18200000.0,5600000.0,4900000.0,3500000.0,24100000.0,18800000.0,-28500000.0,32100000.0,26700000.0,25480000.0,35364000.0,20986000.0,39309000.0,40343000.0,27974000.0,10333000.0,3067000.0,-1797000.0,-7080000.0,-39290000.0,1689000.0,14363000.0,18115000.0,15500000.0,9950000.0,6770000.0,4250000.0,4200000.0,-2200000.0,3600000.0,6600000.0,12500000.0,12200000.0,9200000.0,12200000.0,9100000.0
,netIncome,35800000.0,4400000.0,7500000.0,15600000.0,56500000.0,47700000.0,10200000.0,72900000.0,55000000.0,67723000.0,69826000.0,44628000.0,78651000.0,75144000.0,58660000.0,35163000.0,15453000.0,3504000.0,-12410000.0,-58939000.0,18531000.0,35163000.0,41671000.0,35657000.0,23025000.0,16012000.0,10463000.0,9494000.0,300000.0,10000000.0,14800000.0,25700000.0,24800000.0,21200000.0,15400000.0,11500000.0
,netIncomeRatio,0.0216667675361617,0.00212355212355212,0.00365532702992494,0.00892295372647715,0.0319642453043675,0.0286900036088055,0.00639779213447908,0.0358230958230958,0.0257334019557386,0.0327956734098532,0.0393212680385318,0.0330051895091599,0.0552333747197986,0.054258768924392,0.0552786596668391,0.0391882614645976,0.02066328986639,0.00537457934406818,-0.020467165948969,-0.0922718292175078,0.0211963328777073,0.0343277039790771,0.0453914661298685,0.0455900158926409,0.0390699237097168,0.0317075585655162,0.0231792554193112,0.0232836465123579,0.000783699059561128,0.0236574402649633,0.0317256162915327,0.0577657900651832,0.0610236220472441,0.0609896432681243,0.0516431924882629,0.0463709677419355
,,,,,,,,,,,,,,,,,,,,,,,,,,,,,,,,,,,,,,,,,,,,,,,,,,,,,,,,,,,,,,,,,,,,,,,,,,,,,,,,,,,,,,,,,,,,,,,,,,,,,
EPS,,,,,,,,,,,,,,,,,,,,,,,,,,,,,,,,,,,,,,,,,,,,,,,,,,,,,,,,,,,,,,,,,,,,,,,,,,,,,,,,,,,,,,,,,,,,,,,,,,,,,
,EPS,1.02873563218391,0.126436781609195,0.217391304347826,0.44,1.66,1.38662790697674,0.26,1.85,1.43603133159269,1.68,1.76,1.17,2.07,2.02,1.61,1.05,0.48,0.11,-0.39,-2.08,0.69,1.3,1.51,1.29,0.92,0.666667,0.44000000841059,0.4,0.01,0.42,0.62,1.07,1.04,0.89,0.67,0.57
,EPSDiluted,1.02873563218391,0.125714285714286,0.214899713467049,0.41,1.64,1.37861271676301,0.24,1.83,1.35467980295567,1.65,1.73,1.16,1.87,1.76,1.4,0.94,0.46,0.11,-0.39,-2.08,0.69,1.28,1.49,1.27,0.92,0.666667,0.43829591152815,0.398171447743667,0.01,0.42,0.62,1.07,1.04,0.89,0.67,0.57
,weightedAverageShsOut,35000000.0,34800000.0,34500000.0,34200000.0,33900000.0,34400000.0,39100000.0,38600000.0,38300000.0,38814000.0,38355000.0,38182000.0,38059000.0,37200000.0,36434783.0,33488571.0,32193750.0,31854545.0,31820513.0,28336058.0,26856522.0,27048462.0,27596689.0,27641085.0,25027174.0,24018000.0,23779545.0,23735000.0,30000000.0,23809524.0,23870968.0,24018692.0,23846154.0,23820225.0,22985075.0,20175439.0
,weightedAverageShsOutDil,35000000.0,35000000.0,34900000.0,34600000.0,34300000.0,34600000.0,39400000.0,39100000.0,40600000.0,43084000.0,43593000.0,43091000.0,42809000.0,42695455.0,41900000.0,37407447.0,33593478.0,31854545.0,31820513.0,28336058.0,26856522.0,27471094.0,27967114.0,28076378.0,25027174.0,24018000.0,23872000.0,23844000.0,30000000.0,23809524.0,23870968.0,24018692.0,23846154.0,23820225.0,22985075.0,20175439.0
