Date,2018-12-31,2017-12-31,2016-12-31,2015-12-31,2014-12-31,2013-12-31,2012-12-31,2011-12-31,2010-12-31,2009-12-31
Revenue,1667447000.0,1511203000.0,1378942000.0,1262188000.0,1137046000.0,996150000.0,908719000.0,779117000.0,663641000.0,557940000.0
Revenue Growth,0.1034,0.0959,0.0925,0.1101,0.1414,0.0962,0.1663,0.174,0.1894,0.107
Cost of Revenue,1120608000.0,974092000.0,785352000.0,705391000.0,768954000.0,704461000.0,663744000.0,599551000.0,476591000.0,363863000.0
Gross Profit,546839000.0,537111000.0,593590000.0,556797000.0,368092000.0,291689000.0,244975000.0,179566000.0,187050000.0,194077000.0
R&D Expenses,0.0,0.0,0.0,0.0,0.0,0.0,0.0,0.0,0.0,0.0
SG&A Expense,73514000.0,56675000.0,34629000.0,21349000.0,28492000.0,21678000.0,19222000.0,19905000.0,17062000.0,16458000.0
Operating Expenses,303380000.0,306481000.0,221023000.0,185095000.0,210747000.0,136952000.0,112671000.0,94122000.0,82394000.0,71824000.0
Operating Income,243459000.0,230630000.0,372567000.0,371702000.0,157345000.0,154737000.0,132304000.0,85444000.0,104656000.0,122253000.0
Interest Expense,53762000.0,38990000.0,28836000.0,26510000.0,21205000.0,9493000.0,8739000.0,7175000.0,2522000.0,4079000.0
Earnings before Tax,199318000.0,199007000.0,347967000.0,346763000.0,137517000.0,147174000.0,124830000.0,79514000.0,103332000.0,120564000.0
Income Tax Expense,37516000.0,859000.0,127101000.0,126389000.0,50828000.0,54901000.0,46233000.0,30116000.0,37630000.0,44233000.0
Net Income - Non-Controlling int,0.0,0.0,0.0,-44000.0,-386000.0,-494000.0,-183000.0,0.0,0.0,0.0
Net Income - Discontinued ops,0.0,0.0,0.0,0.0,0.0,0.0,0.0,0.0,0.0,0.0
Net Income,161802000.0,198148000.0,220866000.0,220374000.0,86689000.0,92273000.0,78597000.0,49398000.0,65702000.0,76331000.0
Preferred Dividends,0.0,0.0,0.0,0.0,0.0,0.0,0.0,0.0,0.0,0.0
Net Income Com,161802000.0,198148000.0,220866000.0,220374000.0,86689000.0,92273000.0,78597000.0,49398000.0,65702000.0,76331000.0
EPS,10.02,12.14,13.31,12.97,4.87,4.85,4.1,2.59,3.36,3.81
EPS Diluted,10.0,12.13,13.29,12.94,4.86,4.82,4.06,2.57,3.32,3.76
Weighted Average Shs Out,16159816.0,16077909.0,16546142.0,16838157.0,17484393.0,18578030.0,19289811.0,19068119.0,19008014.0,19860184.0
Weighted Average Shs Out (Dil),15941000.0,16073000.0,16465000.0,16923000.0,17729000.0,18936000.0,19079000.0,18935000.0,19407000.0,19982000.0
Dividend per Share,2.8,2.8,2.4,2.75,2.5,2.25,2.0,0.0,0.75,0.0
Gross Margin,0.3279,0.3554,0.4305,0.4411,0.3237,0.2928,0.2696,0.2305,0.2819,0.3478
EBITDA Margin,0.229,0.238,0.35,0.373,0.213,0.227,0.21,0.165,0.212,0.277
EBIT Margin,0.1518,0.1575,0.2733,0.2957,0.1396,0.1573,0.147,0.1113,0.1595,0.2234
Profit Margin,0.097,0.131,0.16,0.175,0.076,0.093,0.086,0.063,0.099,0.137
Free Cash Flow margin,0.0131,-0.1176,0.1076,0.0893,-0.0085,0.0194,0.0807,0.0568,-0.0001,0.1793
EBITDA,382431000.0,359710000.0,482019000.0,471370000.0,242131000.0,225931000.0,191072000.0,128664000.0,140819000.0,154281000.0
EBIT,253080000.0,237997000.0,376803000.0,373273000.0,158722000.0,156667000.0,133569000.0,86689000.0,105854000.0,124643000.0
Consolidated Income,161802000.0,198148000.0,220866000.0,220330000.0,86303000.0,91779000.0,78414000.0,49398000.0,65702000.0,76331000.0
Earnings Before Tax Margin,0.1195,0.1317,0.2523,0.2747,0.1209,0.1477,0.1374,0.1021,0.1557,0.2161
Net Profit Margin,0.097,0.1311,0.1602,0.1746,0.0762,0.0926,0.0865,0.0634,0.099,0.1368
