date,,2020-12-31_FY,2019-12-31_FY,2018-12-31_FY,2017-12-31_FY,2016-12-31_FY,2015-12-31_FY,2014-12-31_FY,2013-12-31_FY,2012-12-31_FY,2011-12-31_FY,2010-12-31_FY,2009-12-31_FY,2008-12-31_FY,2007-12-31_FY,2006-12-31_FY
,revenue,50820000.0,53943000.0,46970000.0,35912000.0,34333000.0,22438000.0,8423000.0,1872000.0,0.0,0.0,0.0,0.0,0.0,0.0,0.0
,costOfRevenue,6941000.0,6626000.0,4679000.0,3438000.0,2344000.0,1762000.0,1442000.0,1863000.0,0.0,0.0,0.0,0.0,0.0,0.0,0.0
,grossProfit,43879000.0,47317000.0,42291000.0,32474000.0,31989000.0,20676000.0,6981000.0,9000.0,0.0,0.0,0.0,0.0,0.0,0.0,0.0
,grossProfitRatio,0.863419913419913,0.877166638859537,0.900383223334043,0.90426598351526,0.931727492499927,0.921472502005526,0.828802089516799,0.00480769230769231,0.0,0.0,0.0,0.0,0.0,0.0,0.0
,,,,,,,,,,,,,,,,,,,,,,,,,,,,,,,,,,,,,,,,,,,,,,,,,,,,,,,,,,,,,,,,,,,,,,,,,,,,,,,,,,,,,,,,,,,,,,,,,,,,,
COST And EXPENSES,,,,,,,,,,,,,,,,,,,,,,,,,,,,,,,,,,,,,,,,,,,,,,,,,,,,,,,,,,,,,,,,,,,,,,,,,,,,,,,,,,,,,,,,,,,,,,,,,,,,,
,ResearchAndDevelopmentExpenses,9668000.0,10992000.0,11274000.0,12844000.0,12375000.0,14840000.0,11363000.0,8429000.0,7935000.0,7100000.0,12581000.0,15057000.0,43764000.0,8363000.0,6736000.0
,GeneralAndAdministrativeExpenses,11652000.0,13954000.0,14525000.0,13039000.0,15263000.0,14190000.0,12371000.0,9613000.0,6575000.0,6203000.0,4610000.0,3407000.0,5058000.0,3184000.0,3028000.0
,SellingAndMarketingExpenses,20384000.0,25004000.0,23517000.0,23210000.0,29431000.0,28090000.0,15535000.0,16371000.0,7529000.0,8104000.0,4880000.0,752000.0,1259000.0,969000.0,616000.0
,otherExpenses,2676000.0,0.0,0.0,0.0,0.0,0.0,0.0,0.0,0.0,0.0,0.0,0.0,0.0,0.0,0.0
,operatingExpenses,44380000.0,52591000.0,51961000.0,51777000.0,59836000.0,59675000.0,39928000.0,34413000.0,22039000.0,21407000.0,22071000.0,0.0,0.0,0.0,0.0
,costAndExpenses,51321000.0,59217000.0,56640000.0,55215000.0,62180000.0,61437000.0,41370000.0,36276000.0,22039000.0,21407000.0,22071000.0,19216000.0,50081000.0,12516000.0,10380000.0
,interestExpense,5380000.0,4869000.0,4775000.0,5579000.0,5178000.0,4693000.0,2090000.0,533000.0,795000.0,1125000.0,848000.0,1897000.0,1514000.0,2000.0,2000.0
,,,,,,,,,,,,,,,,,,,,,,,,,,,,,,,,,,,,,,,,,,,,,,,,,,,,,,,,,,,,,,,,,,,,,,,,,,,,,,,,,,,,,,,,,,,,,,,,,,,,,
EBITDA,,,,,,,,,,,,,,,,,,,,,,,,,,,,,,,,,,,,,,,,,,,,,,,,,,,,,,,,,,,,,,,,,,,,,,,,,,,,,,,,,,,,,,,,,,,,,,,,,,,,,
,depreciationAndAmortization,2676000.0,2641000.0,2645000.0,2684000.0,2767000.0,2555000.0,659000.0,138000.0,106000.0,133000.0,194000.0,1098000.0,241000.0,147000.0,129000.0
,EBITDA,2175000.0,-2633000.0,-7025000.0,-16619000.0,-25080000.0,-36444000.0,-32288000.0,-34266000.0,-21933000.0,-21274000.0,-21877000.0,5024000.0,-39386000.0,-12370000.0,-10257000.0
,EBITDARatio,0.0427981109799292,-0.0488107817511077,-0.149563551202895,-0.462770104700379,-0.73049252905368,-1.6242089312773,-3.83331354624243,-18.3044871794872,0.0,0.0,0.0,0.0,0.0,0.0,0.0
,,,,,,,,,,,,,,,,,,,,,,,,,,,,,,,,,,,,,,,,,,,,,,,,,,,,,,,,,,,,,,,,,,,,,,,,,,,,,,,,,,,,,,,,,,,,,,,,,,,,,
INCOME,,,,,,,,,,,,,,,,,,,,,,,,,,,,,,,,,,,,,,,,,,,,,,,,,,,,,,,,,,,,,,,,,,,,,,,,,,,,,,,,,,,,,,,,,,,,,,,,,,,,,
,operatingIncome,-501000.0,-5274000.0,-9670000.0,-19303000.0,-27847000.0,-38999000.0,-32947000.0,-34404000.0,-22039000.0,-21407000.0,-22071000.0,-19216000.0,-50081000.0,-12516000.0,-10380000.0
,operatingIncomeRatio,-0.00985832349468713,-0.097769868194205,-0.205876091121993,-0.53750835375362,-0.81108554451985,-1.73807826009448,-3.91155170366853,-18.3782051282051,0.0,0.0,0.0,0.0,0.0,0.0,0.0
,totalOtherIncomeExpensesNet,474000.0,-84000.0,-1831000.0,3044000.0,23000.0,13177000.0,-699000.0,-11292000.0,3083000.0,0.0,4987000.0,-23142000.0,-10454000.0,1000.0,6000.0
,incomeBeforeTax,-5407000.0,-10227000.0,-16276000.0,-21838000.0,-33002000.0,-30515000.0,-35736000.0,-46229000.0,-19746000.0,0.0,0.0,0.0,0.0,0.0,0.0
,incomeBeforeTaxRatio,-0.106395120031484,-0.189589010622324,-0.346519054715776,-0.608097571842281,-0.961232633326537,-1.35996969426865,-4.24266888282085,-24.6949786324786,0.0,0.0,0.0,0.0,0.0,0.0,0.0
,incomeTaxExpense,-68000.0,216000.0,106000.0,163000.0,172000.0,130000.0,174000.0,0.0,0.0,0.0,0.0,0.0,0.0,0.0,0.0
,netIncome,-5339000.0,-10443000.0,-16382000.0,-22001000.0,-33174000.0,-30645000.0,-35910000.0,-46229000.0,-19746000.0,-22516000.0,-13859000.0,-44218000.0,-61464000.0,-5705000.0,-12971000.0
,netIncomeRatio,-0.105057064147973,-0.193593237306045,-0.348775814349585,-0.612636444642459,-0.966242390702822,-1.36576343702647,-4.26332660572243,-24.6949786324786,0.0,0.0,0.0,0.0,0.0,0.0,0.0
,,,,,,,,,,,,,,,,,,,,,,,,,,,,,,,,,,,,,,,,,,,,,,,,,,,,,,,,,,,,,,,,,,,,,,,,,,,,,,,,,,,,,,,,,,,,,,,,,,,,,
EPS,,,,,,,,,,,,,,,,,,,,,,,,,,,,,,,,,,,,,,,,,,,,,,,,,,,,,,,,,,,,,,,,,,,,,,,,,,,,,,,,,,,,,,,,,,,,,,,,,,,,,
,EPS,-1.11923934490013,-2.19,-3.5102658455333,-4.949975,-9.449953,-10.349948,-13.649932,-24.299879,-9.449953,-10.799946,-11.549942,-14.09993,-637.009654,-98.560231,-155.298608
,EPSDiluted,-1.11923934490013,-2.19,-3.47376398507015,-4.949975,-9.449953,-10.349948,-13.649932,-24.299879,-9.449953,-10.799946,-11.549942,-14.09993,-637.009654,-98.560231,-155.298608
,weightedAverageShsOut,5387937.0,4770204.0,4666883.0,4466265.0,3520124.0,2963362.0,2693161.0,2105314.0,2097485.0,2090848.0,1477865.0,1499728.0,107934.0,107934.0,107934.0
,weightedAverageShsOutDil,5387937.0,4770204.0,4715922.0,4466265.0,3520124.0,2963362.0,2693161.0,2105314.0,2097485.0,2090848.0,1477865.0,1499728.0,107934.0,107934.0,107934.0
