Date,2019-01-31,2018-01-31,2017-01-31,2016-01-31,2015-01-31,2014-01-31,2013-01-31,2012-01-31,2011-01-31,2010-01-31
Revenue,136657000.0,113401000.0,98448000.0,94658000.0,88347000.0,68592000.0,61224000.0,79193202.0,71016111.0,64031261.0
Revenue Growth,0.205077556635303,0.151887290752478,0.0400388767985802,0.0714342309303089,0.288007347795661,0.120344962759702,-0.226903339506338,0.115144167779055,0.109084998341669,-0.108
Cost of Revenue,82658000.0,69399000.0,58959000.0,56500000.0,51370000.0,41609000.0,37496000.0,47410034.0,42349870.0,37403698.0
Gross Profit,53999000.0,44002000.0,39489000.0,38158000.0,36977000.0,26983000.0,23728000.0,31783168.0,28666241.0,26627563.0
R&D Expenses,7813000.0,7453000.0,6314000.0,6945000.0,5802000.0,5072000.0,3816000.0,5243460.0,5020020.0,4819533.0
SG&A Expense,37466000.0,31137000.0,26894000.0,25279000.0,23944000.0,20378000.0,16986000.0,21941553.0,20990722.0,19844843.0
Operating Expenses,45279000.0,38590000.0,33208000.0,32224000.0,29746000.0,25450000.0,20802000.0,27185013.0,25906294.0,23273773.0
Operating Income,8720000.0,5412000.0,6281000.0,5934000.0,7231000.0,1533000.0,2926000.0,3916715.0,2759947.0,3353790.0
Interest Expense,876000.0,402000.0,0.0,0.0,0.0,0.0,0.0,0.0,0.0,0.0
Earnings before Tax,7308000.0,5157000.0,6605000.0,6909000.0,6932000.0,1412000.0,2885000.0,4232493.0,2783614.0,3682210.0
Income Tax Expense,1578000.0,1871000.0,2377000.0,2384000.0,2270000.0,175000.0,847000.0,1100802.0,721845.0,916363.0
Net Income - Non-Controlling int,0.0,0.0,0.0,0.0,0.0,0.0,0.0,0.0,0.0,0.0
Net Income - Discontinued ops,0.0,0.0,0.0,0.0,0.0,0.0,0.0,0.0,0.0,0.0
Net Income,5730000.0,3286000.0,4228000.0,4525000.0,4662000.0,3212000.0,10767000.0,3131691.0,2061769.0,2765847.0
Preferred Dividends,0.0,0.0,0.0,0.0,0.0,0.0,0.0,0.0,0.0,0.0
Net Income Com,5730000.0,3286000.0,4228000.0,4525000.0,4662000.0,3212000.0,10767000.0,3131691.0,2061769.0,2765847.0
EPS,0.83,0.48,0.57,0.62,0.61,0.43,1.46,0.43,0.28,0.39
EPS Diluted,0.81,0.47,0.56,0.61,0.6,0.42,1.44,0.42,0.28,0.38
Weighted Average Shs Out,6881000.0,6911.0,7421.0,7288000.0,7612000.0,7470.0,7396.0,7324568.0,7229795.0,7153090.0
Weighted Average Shs Out (Dil),7084000.0,7015.0,7572.0,7471000.0,7834000.0,7697.0,7483.0,7428974.0,7271403.0,7135293.0
Dividend per Share,0.272868435912,277.120456165,274.960380349,0.274126622942,0.271636456472,273.223333766,346.786048376,0.27664843086,0.28,0.24
Gross Margin,0.395142583256,0.388021269654,0.401115309605,0.403114369625,0.418542791493,0.393384068113,0.387560433817,0.401337074362,0.4037,0.4159
EBITDA Margin,0.109200406858,0.0832444158341,0.088493417845,0.0845042151746,0.105198818296,0.040996034523,0.0695315562525,0.0693541852241,0.061,0.081
EBIT Margin,0.063809391396,0.0477244468744,0.0638001787746,0.0626888377105,0.0818477141272,0.0223495451365,0.0477917156671,0.049457717343,0.0392,0.0575
Profit Margin,0.0419297950343,0.0289768167829,0.0429465301479,0.0478036721672,0.0527691942001,0.0468276183812,0.175862406899,0.0395449473049,0.029,0.043
Free Cash Flow margin,0.00537842920597,0.0134037618716,0.0580509507557,0.0492932451562,-0.00855716662705,-0.0684482155353,0.0492290604992,0.0545201341903,-0.0105,0.066
EBITDA,14923000.0,9440000.0,8712000.0,7999000.0,9294000.0,2812000.0,4257000.0,5492380.0,4359549.0,5161213.0
EBIT,8720000.0,5412000.0,6281000.0,5934000.0,7231000.0,1533000.0,2926000.0,3916715.0,2783614.0,3682210.0
Consolidated Income,5730000.0,3286000.0,4228000.0,4525000.0,4662000.0,3212000.0,10767000.0,3131691.0,2061769.0,2765847.0
Earnings Before Tax Margin,0.0534769532479,0.0454757894551,0.0670912562977,0.0729890764647,0.0784633320882,0.0205854910194,0.047122043643,0.0534451555577,0.0392,0.0575
Net Profit Margin,0.0419297950343,0.0289768167829,0.0429465301479,0.0478036721672,0.0527691942001,0.0468276183812,0.175862406899,0.0395449473049,0.029,0.0432
