date,,2020-12-31_FY,2019-12-31_FY,2018-12-31_FY,2017-12-31_FY,2016-12-31_FY,2015-12-31_FY,2014-12-31_FY,2013-12-31_FY,2012-12-31_FY,2011-12-31_FY,2010-12-31_FY,2009-12-31_FY,2008-12-31_FY,2007-12-31_FY,2006-12-31_FY,2005-12-31_FY,2004-12-31_FY,2003-12-31_FY,2002-12-31_FY,2001-12-31_FY,2000-12-31_FY,1999-12-31_FY
,revenue,240569000.0,231694000.0,232468000.0,226905000.0,226866000.0,232817000.0,314863000.0,348924000.0,367829000.0,349314000.0,341524000.0,346508000.0,389597000.0,385785000.0,349817000.0,326809000.0,302707000.0,323548000.0,343502000.0,331679000.0,312993000.0,193619000.0
,costOfRevenue,112443000.0,105615000.0,107509000.0,104604000.0,102137000.0,112123000.0,180970000.0,163282000.0,148400000.0,135732000.0,130862000.0,136129000.0,270072000.0,253761000.0,234458000.0,217001000.0,211348000.0,278590000.0,216408000.0,206340000.0,202509000.0,137026000.0
,grossProfit,128126000.0,126079000.0,124959000.0,122301000.0,124729000.0,120694000.0,133893000.0,185642000.0,219429000.0,213582000.0,210662000.0,210379000.0,119525000.0,132024000.0,115359000.0,109808000.0,91359000.0,44958000.0,127094000.0,125339000.0,110484000.0,56593000.0
,grossProfitRatio,0.53259563784195,0.544161696030109,0.537532047421581,0.538996496331064,0.549791506880714,0.518407160989103,0.425242089416667,0.532041361442606,0.596551658515234,0.611432693794122,0.616829271149319,0.60714038348321,0.306791376730314,0.342221703798748,0.32976956522982,0.33600053854086,0.301806697565633,0.138953107421465,0.36999493452731,0.377892480380127,0.352991919947091,0.292290529338546
,,,,,,,,,,,,,,,,,,,,,,,,,,,,,,,,,,,,,,,,,,,,,,,,,,,,,,,,,,,,,,,,,,,,,,,,,,,,,,,,,,,,,,,,,,,,,,,,,,,,,
COST And EXPENSES,,,,,,,,,,,,,,,,,,,,,,,,,,,,,,,,,,,,,,,,,,,,,,,,,,,,,,,,,,,,,,,,,,,,,,,,,,,,,,,,,,,,,,,,,,,,,,,,,,,,,
,ResearchAndDevelopmentExpenses,0.0,0.0,0.0,0.0,0.0,0.0,0.0,0.0,0.0,0.0,0.0,0.0,0.0,0.0,0.0,0.0,0.0,0.0,0.0,0.0,0.0,0.0
,GeneralAndAdministrativeExpenses,65773000.0,66718000.0,66647000.0,67227000.0,70209000.0,88389000.0,101398000.0,111034000.0,107316000.0,91962000.0,88564000.0,91649000.0,0.0,0.0,0.0,0.0,0.0,0.0,0.0,0.0,0.0,0.0
,SellingAndMarketingExpenses,0.0,0.0,0.0,0.0,0.0,0.0,0.0,0.0,0.0,0.0,0.0,0.0,0.0,0.0,0.0,0.0,0.0,0.0,0.0,0.0,0.0,0.0
,otherExpenses,439000.0,175000.0,23000.0,0.0,0.0,0.0,0.0,-13000.0,0.0,0.0,0.0,0.0,0.0,0.0,0.0,0.0,0.0,0.0,0.0,0.0,0.0,0.0
,operatingExpenses,106440000.0,103994000.0,100555000.0,103544000.0,104899000.0,122256000.0,133981000.0,153225000.0,158803000.0,150521000.0,163488000.0,177334000.0,104393000.0,71585000.0,64364000.0,82667000.0,81241000.0,-30437000.0,149858000.0,79811000.0,77553000.0,40306000.0
,costAndExpenses,218883000.0,209609000.0,208064000.0,208148000.0,207036000.0,234379000.0,314951000.0,316507000.0,307203000.0,286253000.0,294350000.0,313463000.0,374465000.0,325346000.0,298822000.0,299668000.0,292589000.0,248153000.0,366266000.0,286151000.0,280062000.0,177332000.0
,interestExpense,11000000.0,12059000.0,13429000.0,14860000.0,15447000.0,19841000.0,34410000.0,39790000.0,39570000.0,38271000.0,34754000.0,38411000.0,32921000.0,28386000.0,31103000.0,35894000.0,51288000.0,71470000.0,51704000.0,60283000.0,64710000.0,0.0
,,,,,,,,,,,,,,,,,,,,,,,,,,,,,,,,,,,,,,,,,,,,,,,,,,,,,,,,,,,,,,,,,,,,,,,,,,,,,,,,,,,,,,,,,,,,,,,,,,,,,
EBITDA,,,,,,,,,,,,,,,,,,,,,,,,,,,,,,,,,,,,,,,,,,,,,,,,,,,,,,,,,,,,,,,,,,,,,,,,,,,,,,,,,,,,,,,,,,,,,,,,,,,,,
,depreciationAndAmortization,40667000.0,37276000.0,33908000.0,36317000.0,34690000.0,33867000.0,32583000.0,42191000.0,51487000.0,58559000.0,72078000.0,81358000.0,74002000.0,71337000.0,63259000.0,82819000.0,78387000.0,82185000.0,82940000.0,79811000.0,72265000.0,40306000.0
,EBITDA,62353000.0,59361000.0,58312000.0,55074000.0,54520000.0,32305000.0,32495000.0,74608000.0,112113000.0,121620000.0,119252000.0,114403000.0,89134000.0,131776000.0,114254000.0,109960000.0,88505000.0,157580000.0,60176000.0,125339000.0,105196000.0,56593000.0
,EBITDARatio,0.259189671154638,0.256204303952627,0.25083882512862,0.242718318238911,0.240318073223841,0.13875704952817,0.103203615540727,0.213823067487476,0.304796522297046,0.348168123808379,0.349176046192947,0.330159765431101,0.228785129248942,0.341578858690722,0.326610770774434,0.336465642011083,0.292378438556096,0.48703747202888,0.175183841724357,0.377892480380127,0.336096973414741,0.292290529338546
,,,,,,,,,,,,,,,,,,,,,,,,,,,,,,,,,,,,,,,,,,,,,,,,,,,,,,,,,,,,,,,,,,,,,,,,,,,,,,,,,,,,,,,,,,,,,,,,,,,,,
INCOME,,,,,,,,,,,,,,,,,,,,,,,,,,,,,,,,,,,,,,,,,,,,,,,,,,,,,,,,,,,,,,,,,,,,,,,,,,,,,,,,,,,,,,,,,,,,,,,,,,,,,
,operatingIncome,21686000.0,22085000.0,24404000.0,18757000.0,19830000.0,-1562000.0,-88000.0,32417000.0,60626000.0,63061000.0,47174000.0,33045000.0,15132000.0,60439000.0,50995000.0,27141000.0,10118000.0,75395000.0,-22764000.0,45528000.0,32931000.0,16287000.0
,operatingIncomeRatio,0.0901446154741467,0.0953196889000147,0.104977889429943,0.0826645512439127,0.0874084261193833,-0.00670913206509834,-0.000279486633869334,0.0929056184154716,0.164821153307651,0.180528120831115,0.138127920731779,0.0953657635610145,0.0388401348059662,0.156664981790375,0.145776220137958,0.0830485084560095,0.0334250611977919,0.233025702523273,-0.0662703565044745,0.13726524742296,0.10521321563102,0.0841188106539131
,totalOtherIncomeExpensesNet,-9351000.0,-2811000.0,-102000.0,-7577000.0,-657000.0,44430000.0,29848000.0,218606000.0,2093000.0,-12706000.0,-13339000.0,0.0,-30938000.0,-1379000.0,-2395000.0,-34983000.0,-2838000.0,113405000.0,-66918000.0,70000.0,-5591000.0,-198000.0
,incomeBeforeTax,1509000.0,7600000.0,11029000.0,-3646000.0,3752000.0,23085000.0,-4567000.0,211286000.0,23192000.0,12118000.0,-836000.0,-5275000.0,-16641000.0,32942000.0,20437000.0,-41635000.0,-39529000.0,-5483000.0,-72265000.0,-11433114000.0,-25402000.0,-22512000.0
,incomeBeforeTaxRatio,0.00627262864292573,0.0328018852451941,0.0474430889412736,-0.0160683986690465,0.0165383971154779,0.0991551304243247,-0.0145047211009233,0.605535876007383,0.0630510373026597,0.0346908512112312,-0.00244785139550954,-0.0152233137474459,-0.0427133679160774,0.0853895304379382,0.0584219749183144,-0.127398572254742,-0.130585021159075,-0.0169464808930978,-0.210377232155854,-34.4704186879483,-0.0811583645640637,-0.116269580981205
,incomeTaxExpense,2665000.0,2765000.0,2041000.0,2584000.0,1499000.0,10200000.0,-1787000.0,54905000.0,5783000.0,11646000.0,29852000.0,-1982000.0,-6502000.0,-111194000.0,443000.0,0.0,-219000.0,1095000.0,0.0,-193000.0,-197000.0,-301000.0
,netIncome,-1073000.0,4928000.0,9080000.0,-6101000.0,2386000.0,12954000.0,-2780000.0,156381000.0,17409000.0,472000.0,-30688000.0,34053000.0,-10139000.0,144136000.0,19994000.0,-41635000.0,-39294000.0,-6630000.0,-185247000.0,-11238000.0,-25205000.0,-25478000.0
,netIncomeRatio,-0.00446025880308768,0.021269432958989,0.0390591393224014,-0.0268879046296908,0.0105172216198108,0.0556402668190038,-0.00882923684269031,0.44818069264367,0.047329057795878,0.00135121981941749,-0.0898560569681779,0.098274787306498,-0.0260243277027287,0.373617429397203,0.0571555984986436,-0.127398572254742,-0.129808692894449,-0.0204915499400398,-0.539289436451607,-0.0338821571459152,-0.0805289575166218,-0.131588325525904
,,,,,,,,,,,,,,,,,,,,,,,,,,,,,,,,,,,,,,,,,,,,,,,,,,,,,,,,,,,,,,,,,,,,,,,,,,,,,,,,,,,,,,,,,,,,,,,,,,,,,
EPS,,,,,,,,,,,,,,,,,,,,,,,,,,,,,,,,,,,,,,,,,,,,,,,,,,,,,,,,,,,,,,,,,,,,,,,,,,,,,,,,,,,,,,,,,,,,,,,,,,,,,
,EPS,-0.02,0.0923209501864029,0.171185098601109,-0.12,0.0466297953839239,0.26,-0.06,3.26,0.382170219304985,0.0104649358135822,-0.69,0.77,-0.23,3.38,0.48,-1.04,-1.33,-0.22,-5.88758581235698,-0.36,-0.77,-1.09
,EPSDiluted,-0.02,0.0907935221180242,0.168647845468054,-0.12,0.0457193224496053,0.25,-0.06,2.69,0.379462923405554,0.0103925842746108,-0.69,0.77,-0.23,3.26,0.46,-1.04,-1.33,-0.221147,-5.88571519349304,-0.36,-0.77,-1.09
,weightedAverageShsOut,54013000.0,53379000.0,53042000.0,52232000.0,51169000.0,50247000.0,49334000.0,47092000.0,45553000.0,45103000.0,44589000.0,44177000.0,43391000.0,42701000.0,42045000.0,40185000.0,29592000.0,29980000.0,31464000.0,31523000.0,32654000.0,23396000.0
,weightedAverageShsOutDil,54013000.0,54277000.0,53840000.0,52232000.0,52188000.0,51368000.0,49334000.0,59107000.0,45878000.0,45417000.0,44589000.0,44177000.0,43391000.0,44185000.0,43387000.0,40185000.0,29592000.0,29980000.0,31474000.0,31523000.0,32654000.0,23396000.0
