Date,2018-12-31,2017-12-31,2016-12-31,2015-12-31,2014-12-31,2013-12-31,2012-12-31,2011-12-31,2010-12-31,2009-12-31
Revenue,46624000.0,44025000.0,46176000.0,44955000.0,47649000.0,43806000.0,41058000.0,38502000.0,41890000.0,59697000.0
Revenue Growth,0.0590346394094265,-0.0465826403326403,0.0271604938271605,-0.0565384373229239,0.0877277085330777,0.0669297091918749,0.0663861617578308,-0.0808784912867033,-0.298289696299647,0.6682
Cost of Revenue,28913000.0,26573000.0,29192000.0,28983000.0,30197000.0,27574000.0,26598000.0,24456000.0,25468000.0,30823000.0
Gross Profit,17711000.0,17452000.0,16984000.0,15972000.0,17452000.0,16232000.0,14460000.0,14046000.0,16422000.0,28874000.0
R&D Expenses,0.0,0.0,0.0,0.0,0.0,0.0,0.0,0.0,0.0,0.0
SG&A Expense,13312000.0,13955000.0,12768000.0,13794000.0,13513000.0,13115000.0,12879000.0,12323000.0,13839000.0,14701000.0
Operating Expenses,13837000.0,14526000.0,13312000.0,14497000.0,14234000.0,13837000.0,13643000.0,13141000.0,14683000.0,15366000.0
Operating Income,3874000.0,2926000.0,3672000.0,1475000.0,3218000.0,2395000.0,817000.0,905000.0,1739000.0,13508000.0
Interest Expense,0.0,0.0,0.0,0.0,0.0,0.0,0.0,0.0,-25000.0,-17000.0
Earnings before Tax,4414000.0,3670000.0,4175000.0,1521000.0,3943000.0,2964000.0,1307000.0,1481000.0,2081000.0,13858000.0
Income Tax Expense,789000.0,1037000.0,1007000.0,480000.0,1201000.0,885000.0,330000.0,548000.0,780000.0,4817000.0
Net Income - Non-Controlling int,0.0,0.0,0.0,0.0,0.0,0.0,0.0,0.0,0.0,0.0
Net Income - Discontinued ops,0.0,0.0,0.0,0.0,0.0,0.0,0.0,0.0,0.0,0.0
Net Income,3625000.0,2633000.0,3168000.0,1041000.0,2742000.0,2079000.0,977000.0,933000.0,1301000.0,9041000.0
Preferred Dividends,0.0,0.0,0.0,0.0,0.0,0.0,0.0,0.0,0.0,0.0
Net Income Com,3625000.0,2633000.0,3168000.0,1041000.0,2742000.0,2079000.0,977000.0,933000.0,1301000.0,9041000.0
EPS,0.26,0.18,0.19,0.06,0.15,0.11,0.05,0.04,0.06,0.4
EPS Diluted,0.26,0.18,0.19,0.06,0.15,0.11,0.05,0.04,0.06,0.39
Weighted Average Shs Out,13909688.0,14825600.0,16835129.0,18197109.0,18414775.0,19203406.0,20703296.0,22077905.0,22424285.0,22370950.0
Weighted Average Shs Out (Dil),13962819.0,14993009.0,16835129.0,18238364.0,18724185.0,19227867.0,20703296.0,22077905.0,22424038.0,22808099.0
Dividend per Share,0.0,0.0,0.0,0.0,0.0,0.0,0.0,0.0,0.0,0.0
Gross Margin,0.379868737131,0.39641113004,0.36781011781,0.355288621955,0.36626162144,0.370542848012,0.352184714307,0.364812217547,0.392,0.4837
EBITDA Margin,0.0943505490734,0.0794321408291,0.0913028413028,0.0484484484484,0.0826670024555,0.0711546363512,0.0385065029958,0.04475092203,0.069,0.243
EBIT Margin,0.0830902539465,0.0664622373651,0.0795218295218,0.0328105883661,0.0675355201578,0.0546728758618,0.0198986799162,0.0235052724534,0.0491,0.2319
Profit Margin,0.0777496568291,0.0598069278819,0.0686070686071,0.0231564898232,0.0575458036895,0.0474592521572,0.0237956062156,0.0242325074022,0.031,0.151
Free Cash Flow margin,0.0298987645848,0.063282226008,0.142195079695,0.126726726727,-0.0383218955277,0.131123590376,-0.0373374251059,0.090826450574,-0.1092,0.1174
EBITDA,4399000.0,3497000.0,4216000.0,2178000.0,3939000.0,3117000.0,1581000.0,1723000.0,2900000.0,14506000.0
EBIT,3874000.0,2926000.0,3672000.0,1475000.0,3218000.0,2395000.0,817000.0,905000.0,2056000.0,13841000.0
Consolidated Income,3625000.0,2633000.0,3168000.0,1041000.0,2742000.0,2079000.0,977000.0,933000.0,1301000.0,9041000.0
Earnings Before Tax Margin,0.0946722717914,0.0833617262919,0.0904149341649,0.0338338338338,0.0827509496527,0.0676619641145,0.0318330167081,0.038465534258,0.0497,0.2321
Net Profit Margin,0.0777496568291,0.0598069278819,0.0686070686071,0.0231564898232,0.0575458036895,0.0474592521572,0.0237956062156,0.0242325074022,0.0311,0.1514
