Date,2018-12-31,2017-12-31,2016-12-31,2015-12-31,2014-12-31,2013-12-31,2012-12-31,2011-12-31,2010-12-31,2009-12-31
Revenue,3093788000.0,2826457000.0,2700219000.0,2666905000.0,2612693000.0,2299549000.0,2065999000.0,1907609000.0,1657864000.0,1472901000.0
Revenue Growth,0.0946,0.0468,0.0125,0.0207,0.1362,0.113,0.083,0.1506,0.1256,-0.1965
Cost of Revenue,0.0,0.0,0.0,0.0,0.0,0.0,0.0,0.0,0.0,0.0
Gross Profit,3093788000.0,2826457000.0,2700219000.0,2666905000.0,2612693000.0,2299549000.0,2065999000.0,1907609000.0,1657864000.0,1472901000.0
R&D Expenses,0.0,0.0,0.0,0.0,0.0,0.0,0.0,0.0,0.0,0.0
SG&A Expense,2984690000.0,2765109000.0,2666154000.0,2591409000.0,2543454000.0,2280479000.0,2080567000.0,1897850000.0,0.0,0.0
Operating Expenses,2984690000.0,2765109000.0,2666154000.0,2591409000.0,2543454000.0,2280479000.0,2080567000.0,1897850000.0,1712409000.0,1641607000.0
Operating Income,109098000.0,61348000.0,34065000.0,75496000.0,69239000.0,19070000.0,-14568000.0,9759000.0,-54545000.0,-168706000.0
Interest Expense,9468000.0,6342000.0,5150000.0,4400000.0,3190000.0,4183000.0,5273000.0,3953000.0,2852000.0,2389000.0
Earnings before Tax,84386000.0,51576000.0,28287000.0,72734000.0,70612000.0,19461000.0,-16992000.0,9319000.0,-54069000.0,-165885000.0
Income Tax Expense,17124000.0,-8150000.0,9635000.0,27880000.0,24435000.0,3650000.0,-9260000.0,3160000.0,-21376000.0,-37996000.0
Net Income - Non-Controlling int,0.0,0.0,0.0,0.0,0.0,0.0,0.0,174000.0,272000.0,367000.0
Net Income - Discontinued ops,0.0,0.0,0.0,0.0,0.0,0.0,0.0,0.0,0.0,0.0
Net Income,67262000.0,59726000.0,18652000.0,44854000.0,46177000.0,15811000.0,-7732000.0,6159000.0,-32693000.0,-127889000.0
Preferred Dividends,0.0,0.0,0.0,0.0,0.0,0.0,0.0,0.0,0.0,0.0
Net Income Com,67262000.0,59726000.0,18652000.0,44854000.0,46177000.0,15811000.0,-7732000.0,6159000.0,-32693000.0,-127889000.0
EPS,2.61,2.32,0.72,1.71,1.69,0.59,-0.31,0.23,-1.3,-5.12
EPS Diluted,2.51,2.25,0.71,1.67,1.69,0.59,-0.31,0.23,-1.3,-5.12
Weighted Average Shs Out,25690118.0,25636850.0,25622506.0,25961991.0,26034171.0,25730114.0,25616792.0,25421887.0,25319768.0,25287169.0
Weighted Average Shs Out (Dil),25679736.0,25683745.0,25751544.0,26013716.0,25993255.0,25714205.0,25564752.0,25403073.0,25187723.0,25052303.0
Dividend per Share,0.32,0.32,0.32,0.26,0.15,0.12,0.12,0.12,0.12,0.6
Gross Margin,1.0,1.0,1.0,1.0,1.0,1.0,1.0,1.0,1.0,1.0
EBITDA Margin,0.065,0.057,0.051,0.064,0.061,0.049,0.037,0.046,0.012,-0.059
EBIT Margin,0.0303,0.0205,0.0124,0.0289,0.0282,0.0103,-0.0057,0.007,-0.0309,-0.111
Profit Margin,0.022,0.021,0.007,0.017,0.018,0.007,-0.004,0.003,-0.02,-0.087
Free Cash Flow margin,0.0664,0.0285,0.0156,0.0258,0.0401,0.0268,0.0225,0.0259,0.0099,-0.0248
EBITDA,202489000.0,160986000.0,136490000.0,170176000.0,160024000.0,112033000.0,76035000.0,87014000.0,20348000.0,-86992000.0
EBIT,93854000.0,57918000.0,33437000.0,77134000.0,73802000.0,23644000.0,-11719000.0,13272000.0,-51217000.0,-163496000.0
Consolidated Income,67262000.0,59726000.0,18652000.0,44854000.0,46177000.0,15811000.0,-7732000.0,6333000.0,-32421000.0,-127522000.0
Earnings Before Tax Margin,0.0273,0.0182,0.0105,0.0273,0.027,0.0085,-0.0082,0.0049,-0.0326,-0.1126
Net Profit Margin,0.0217,0.0211,0.0069,0.0168,0.0177,0.0069,-0.0037,0.0032,-0.0197,-0.0868
