date,,2019-12-31_FY,2018-12-31_FY,2017-12-31_FY,2016-12-31_FY,2015-12-31_FY,2014-12-31_FY,2013-12-31_FY,2012-12-31_FY,2011-12-31_FY,2010-12-31_FY,2009-12-31_FY,2008-12-31_FY,2007-12-31_FY,2006-12-31_FY,2005-12-31_FY,2004-12-31_FY
,revenue,1528000000.0,1337000000.0,1160000000.0,1012000000.0,1025350000.0,988959000.0,881700000.0,748000000.0,634500000.0,483400000.0,245300000.0,240500000.0,188900000.0,120000000.0,41800000.0,4400000.0
,costOfRevenue,686000000.0,622000000.0,571000000.0,441000000.0,455982000.0,491756000.0,398500000.0,356200000.0,306500000.0,208200000.0,88000000.0,98700000.0,83900000.0,51700000.0,10400000.0,900000.0
,grossProfit,842000000.0,715000000.0,589000000.0,571000000.0,569368000.0,497203000.0,483200000.0,391800000.0,328000000.0,275200000.0,157300000.0,141700000.0,104900000.0,68300000.0,31400000.0,3500000.0
,grossProfitRatio,0.551047120418848,0.534779356768886,0.507758620689655,0.564229249011858,0.555291363924514,0.502753905874763,0.548032210502438,0.52379679144385,0.516942474389283,0.569300786098469,0.641255605381166,0.589189189189189,0.555320275277925,0.569166666666667,0.751196172248804,0.795454545454545
,,,,,,,,,,,,,,,,,,,,,,,,,,,,,,,,,,,,,,,,,,,,,,,,,,,,,,,,,,,,,,,,,,,,,,,,,,,,,,,,,,,,,,,,,,,,,,,,,,,,,
COST And EXPENSES,,,,,,,,,,,,,,,,,,,,,,,,,,,,,,,,,,,,,,,,,,,,,,,,,,,,,,,,,,,,,,,,,,,,,,,,,,,,,,,,,,,,,,,,,,,,,,,,,,,,,
,ResearchAndDevelopmentExpenses,0.0,0.0,0.0,0.0,0.0,0.0,0.0,0.0,0.0,0.0,0.0,0.0,0.0,0.0,0.0,0.0
,GeneralAndAdministrativeExpenses,45000000.0,42000000.0,89000000.0,56000000.0,43856000.0,41072000.0,38700000.0,31700000.0,38100000.0,53900000.0,18600000.0,10300000.0,7300000.0,5100000.0,3200000.0,800000.0
,SellingAndMarketingExpenses,0.0,0.0,0.0,0.0,0.0,0.0,0.0,0.0,0.0,0.0,0.0,0.0,0.0,0.0,0.0,0.0
,otherExpenses,-30000000.0,-40000000.0,-30000000.0,0.0,0.0,0.0,0.0,0.0,0.0,0.0,4000000.0,3700000.0,3100000.0,1300000.0,500000.0,0.0
,operatingExpenses,209000000.0,171000000.0,193000000.0,179000000.0,165246000.0,159345000.0,38707000.0,31743000.0,38117000.0,53948000.0,23287000.0,14495000.0,94750617.0,58458015.0,14726677.0,1665753.0
,costAndExpenses,701000000.0,624000000.0,634000000.0,497000000.0,510249000.0,532900000.0,437200000.0,390700000.0,363900000.0,62400000.0,84700000.0,113200000.0,94800000.0,58500000.0,14700000.0,1700000.0
,interestExpense,-18000000.0,164000000.0,160000000.0,-20000000.0,-118679000.0,153219000.0,58100000.0,162000000.0,56400000.0,276200000.0,42700000.0,-266400000.0,-4100000.0,13100000.0,14700000.0,500000.0
,,,,,,,,,,,,,,,,,,,,,,,,,,,,,,,,,,,,,,,,,,,,,,,,,,,,,,,,,,,,,,,,,,,,,,,,,,,,,,,,,,,,,,,,,,,,,,,,,,,,,
EBITDA,,,,,,,,,,,,,,,,,,,,,,,,,,,,,,,,,,,,,,,,,,,,,,,,,,,,,,,,,,,,,,,,,,,,,,,,,,,,,,,,,,,,,,,,,,,,,,,,,,,,,
,depreciationAndAmortization,0.0,0.0,1000000.0,1000000.0,734000.0,802000.0,800000.0,800000.0,900000.0,900000.0,700000.0,500000.0,400000.0,300000.0,0.0,0.0
,EBITDA,791000000.0,1041000000.0,527000000.0,516000000.0,515835000.0,456861000.0,445300000.0,358200000.0,271500000.0,421900000.0,161200000.0,127700000.0,94500000.0,61900000.0,56600000.0,3700000.0
,EBITDARatio,0.51767,0.778609,0.454310344827586,0.509881422924901,0.503081874481884,0.461961517110416,0.505047068163775,0.478877005347594,0.42789598108747,0.872776168804303,0.657154504688137,0.530977130977131,0.500264690312335,0.515833333333333,1.354067,0.840909
,,,,,,,,,,,,,,,,,,,,,,,,,,,,,,,,,,,,,,,,,,,,,,,,,,,,,,,,,,,,,,,,,,,,,,,,,,,,,,,,,,,,,,,,,,,,,,,,,,,,,
INCOME,,,,,,,,,,,,,,,,,,,,,,,,,,,,,,,,,,,,,,,,,,,,,,,,,,,,,,,,,,,,,,,,,,,,,,,,,,,,,,,,,,,,,,,,,,,,,,,,,,,,,
,operatingIncome,827000000.0,713000000.0,526000000.0,515000000.0,515101000.0,456059000.0,444500000.0,357400000.0,270600000.0,421000000.0,160500000.0,127200000.0,94100000.0,61600000.0,27100000.0,2700000.0
,operatingIncomeRatio,0.541230366492147,0.533283470456245,0.453448275862069,0.508893280632411,0.50236602135856,0.46115056337017,0.504139730066916,0.477807486631016,0.426477541371158,0.870914356640463,0.654300856094578,0.528898128898129,0.498147167813658,0.513333333333333,0.648325358851675,0.613636363636364
,totalOtherIncomeExpensesNet,0.0,0.0,0.0,0.0,0.0,0.0,0.0,0.0,0.0,0.0,0.0,0.0,0.0,0.0,0.0,0.0
,incomeBeforeTax,809000000.0,877000000.0,686000000.0,495000000.0,396422000.0,609278000.0,502600000.0,519400000.0,326900000.0,697200000.0,203300000.0,-139200000.0,90000000.0,74600000.0,41900000.0,3200000.0
,incomeBeforeTaxRatio,0.529450261780105,0.655946148092745,0.591379310344828,0.489130434782609,0.386621153752377,0.616080140834959,0.570035159351253,0.694385026737968,0.515208825847124,1.44228382292098,0.828781084386466,-0.578794178794179,0.476442562202223,0.621666666666667,1.00239234449761,0.727272727272727
,incomeTaxExpense,16000000.0,19000000.0,19000000.0,21000000.0,17752000.0,18329000.0,14100000.0,11200000.0,7500000.0,5400000.0,600000.0,200000.0,-800000.0,4900000.0,0.0,0.0
,netIncome,793000000.0,858000000.0,667000000.0,474000000.0,378670000.0,590949000.0,488500000.0,508200000.0,319500000.0,691800000.0,202700000.0,-139500000.0,90800000.0,69700000.0,41900000.0,3200000.0
,netIncomeRatio,0.518979057591623,0.641735228122663,0.575,0.468379446640316,0.369308041156678,0.597546511028263,0.554043325394125,0.679411764705882,0.50354609929078,1.43111294993794,0.826335099877701,-0.58004158004158,0.480677607199576,0.580833333333333,1.00239234449761,0.727272727272727
,,,,,,,,,,,,,,,,,,,,,,,,,,,,,,,,,,,,,,,,,,,,,,,,,,,,,,,,,,,,,,,,,,,,,,,,,,,,,,,,,,,,,,,,,,,,,,,,,,,,,
EPS,,,,,,,,,,,,,,,,,,,,,,,,,,,,,,,,,,,,,,,,,,,,,,,,,,,,,,,,,,,,,,,,,,,,,,,,,,,,,,,,,,,,,,,,,,,,,,,,,,,,,
,EPS,1.85714,2.01408,1.56941,1.50955,1.20452,1.93572,1.83027,2.20765,1.5593,3.91511,1.99312,-1.55518,1.34121,1.58409,1.78298,0.28829
,EPSDiluted,1.85714,2.01408,1.56941,1.50955,1.20452,1.93572,1.83027,2.20765,1.5593,3.91511,1.99312,-1.55518,1.34121,1.58409,1.78298,0.28829
,weightedAverageShsOut,427000000.0,426000000.0,425000000.0,314000000.0,314375000.0,305287000.0,266900000.0,230200000.0,204900000.0,176700000.0,101700000.0,89700000.0,67700000.0,44000000.0,23500000.0,11100000.0
,weightedAverageShsOutDil,427000000.0,426000000.0,425000000.0,314000000.0,314375000.0,305287000.0,266900000.0,230200000.0,204900000.0,176700000.0,101700000.0,89700000.0,67700000.0,44000000.0,23500000.0,11100000.0
