Date,2018-12-31,2017-12-31,2016-12-31,2015-12-31,2014-12-31,2013-12-31,2012-12-31,2011-12-31,2010-12-31,2009-12-31
Revenue,80411000.0,82235000.0,79089000.0,77024000.0,72465000.0,69073000.0,70563000.0,65070000.0,64885000.0,60912000.0
Revenue Growth,-0.0221803368395452,0.0397779716521893,0.0268098255089323,0.0629131304767819,0.0491074660142168,-0.0211158822612417,0.0844167819271554,0.00285119827386915,0.0652252429734699,0.0841
Cost of Revenue,0.0,0.0,0.0,0.0,0.0,0.0,0.0,0.0,38503000.0,35851000.0
Gross Profit,0.0,0.0,0.0,0.0,0.0,0.0,0.0,0.0,26382000.0,25061000.0
R&D Expenses,0.0,0.0,0.0,0.0,0.0,0.0,0.0,0.0,0.0,0.0
SG&A Expense,0.0,0.0,0.0,0.0,0.0,0.0,0.0,0.0,0.0,0.0
Operating Expenses,61456000.0,62635000.0,60270000.0,59442000.0,56419000.0,54589000.0,54708000.0,51334000.0,7032000.0,6556000.0
Operating Income,18955000.0,19600000.0,18819000.0,17582000.0,16046000.0,14484000.0,15855000.0,13736000.0,19350000.0,18505000.0
Interest Expense,6252000.0,6177000.0,6644000.0,6998000.0,7393000.0,7055000.0,7045000.0,7289000.0,7295000.0,7218000.0
Earnings before Tax,20530000.0,20160000.0,19598000.0,18303000.0,16899000.0,15356000.0,16891000.0,14035000.0,12702000.0,12122000.0
Income Tax Expense,4172000.0,-929000.0,2849000.0,2667000.0,-900000.0,1725000.0,1940000.0,106000.0,5082000.0,4860000.0
Net Income - Non-Controlling int,0.0,0.0,0.0,0.0,0.0,0.0,0.0,0.0,0.0,0.0
Net Income - Discontinued ops,0.0,0.0,0.0,0.0,0.0,0.0,0.0,0.0,0.0,0.0
Net Income,14278000.0,13983000.0,12954000.0,11305000.0,9506000.0,8301000.0,9846000.0,6746000.0,7620000.0,7262000.0
Preferred Dividends,0.0,0.0,0.0,0.0,0.0,0.0,0.0,0.0,0.0,0.0
Net Income Com,14278000.0,13983000.0,12954000.0,11305000.0,9506000.0,8301000.0,9846000.0,6746000.0,7620000.0,7262000.0
EPS,1.55,1.52,1.42,1.26,1.07,0.95,1.14,0.83,1.01,0.97
EPS Diluted,1.54,1.51,1.41,1.26,1.07,0.94,1.13,0.83,1.0,0.97
Weighted Average Shs Out,9239000.0,9175000.0,9098000.0,8960000.0,8884000.0,8774000.0,8666000.0,8122.0,7577373.0,7487972.0
Weighted Average Shs Out (Dil),9293000.0,9242000.0,9161000.0,9005000.0,8926000.0,8836000.0,8717000.0,8160.0,7557000.0,7454000.0
Dividend per Share,0.948993866351,0.919281540792,0.892915620565,0.867406996113,0.842818731795,0.81564056134,0.785820809912,758.700980392,0.753,0.723
Gross Margin,0.0,0.0,0.0,0.0,0.0,0.0,0.0,0.0,0.4066,0.4114
EBITDA Margin,0.363669149743,0.354532741533,0.354120041978,0.342996987952,0.341116401021,0.329144528253,0.337074670861,0.324973105886,0.417,0.425
EBIT Margin,0.235726455336,0.238341338846,0.237947122862,0.228266514333,0.221431035672,0.209691196271,0.224692827686,0.211095743046,0.3082,0.3175
Profit Margin,0.177562771263,0.170037088831,0.163790160452,0.146772434566,0.13118056993,0.120177203828,0.139534883721,0.103672967573,0.117,0.119
Free Cash Flow margin,-0.247627812115,-0.0646318477534,0.0193200065749,0.0985536975488,-0.0742565376389,-0.00240325452782,0.0400634893641,0.0527893038266,-0.0235,-0.0659
EBITDA,29243000.0,29155000.0,28007000.0,26419000.0,24719000.0,22735000.0,23785000.0,21146000.0,27029000.0,25896000.0
EBIT,18955000.0,19600000.0,18819000.0,17582000.0,16046000.0,14484000.0,15855000.0,13736000.0,19997000.0,19340000.0
Consolidated Income,14278000.0,13983000.0,12954000.0,11305000.0,9506000.0,8301000.0,9846000.0,6746000.0,7620000.0,7262000.0
Earnings Before Tax Margin,0.255313327779,0.245151091384,0.247796785899,0.23762723307,0.233202235562,0.22231552126,0.239374743137,0.215690794529,0.1958,0.199
Net Profit Margin,0.177562771263,0.170037088831,0.163790160452,0.146772434566,0.13118056993,0.120177203828,0.139534883721,0.103672967573,0.1174,0.1192
