Date,2018-12-31,2017-12-31,2016-12-31,2015-12-31,2014-12-31,2013-12-31,2012-12-31,2011-12-31,2010-12-31,2009-12-31
Revenue,14804000.0,9018750.0,45278461.0,29655630.0,23956452.0,0.0,0.0,0.0,0.0,0.0
Revenue Growth,0.641469161469161,-0.800815889038278,0.526808265411998,0.237897414859262,0.0,0.0,0.0,0.0,0.0,
Cost of Revenue,107539000.0,61245628.0,45278461.0,29655630.0,23956452.0,0.0,0.0,0.0,0.0,0.0
Gross Profit,-92735000.0,-52226878.0,0.0,0.0,0.0,0.0,0.0,0.0,0.0,0.0
R&D Expenses,72741000.0,44225021.0,33092977.0,18357937.0,10716737.0,15029078.0,25277682.0,25277682.0,1850666.0,2942992.0
SG&A Expense,34798000.0,17020607.0,12185484.0,11297693.0,13239715.0,4575701.0,8724391.0,8724391.0,2915590.0,397238.0
Operating Expenses,107539000.0,61245628.0,45278461.0,29655630.0,23956452.0,19604779.0,34002073.0,34002073.0,4766256.0,3340230.0
Operating Income,-92735000.0,-52226878.0,-45278461.0,-29655630.0,-23956452.0,-19604779.0,-34002073.0,-34002073.0,-4766256.0,-3340230.0
Interest Expense,0.0,0.0,0.0,0.0,0.0,0.0,0.0,116664.0,2043676.0,1120811.0
Earnings before Tax,-89652000.0,-51858797.0,-44879234.0,0.0,0.0,0.0,0.0,0.0,-15290625.0,-4539405.0
Income Tax Expense,1099000.0,-9050249.0,-617672.0,0.0,0.0,0.0,0.0,0.0,0.0,0.0
Net Income - Non-Controlling int,0.0,0.0,0.0,0.0,0.0,0.0,0.0,0.0,0.0,0.0
Net Income - Discontinued ops,0.0,0.0,0.0,0.0,0.0,0.0,0.0,0.0,0.0,0.0
Net Income,-90751000.0,-42808548.0,-44261562.0,-28453833.0,-23788799.0,-19403759.0,-34344730.0,-34344730.0,-15290625.0,-4539405.0
Preferred Dividends,0.0,0.0,0.0,0.0,0.0,0.0,0.0,0.0,0.0,0.0
Net Income Com,-90751000.0,-42808548.0,-44261562.0,-28453833.0,-23788799.0,-19403759.0,-34344730.0,-34344730.0,-15290625.0,-4539405.0
EPS,-3.98,-2.41,-2.57,-1.81,-3.4,-1.0,-3.57,-3.57,-123.35,-50.1
EPS Diluted,-3.98,-2.41,-2.57,-1.81,-3.4,-1.0,-3.57,-3.57,-123.35,-50.1
Weighted Average Shs Out,22801644.0,17750380.0,17226245.0,15702646.0,6998875.0,19393486.0,9613900.0,9613900.0,1437941.0,
Weighted Average Shs Out (Dil),22801644.0,17750380.0,17226245.0,15702646.0,6998875.0,19393486.0,9613900.0,9613900.0,123985.0,89008.0
Dividend per Share,0.0,0.0,0.0,0.0,0.0,0.0,0.0,0.0,0.0,0.0
Gross Margin,-6.26418535531,-5.79092202356,0.0,0.0,0.0,0.0,0.0,0.0,0.0,0.0
EBITDA Margin,-6.20528235612,-5.76661433125,0.0,0.0,0.0,0.0,0.0,0.0,,
EBIT Margin,-6.26418535531,-5.79092202356,0.0,0.0,0.0,0.0,0.0,0.0,0.0,0.0
Profit Margin,-6.13016752229,-4.74661654886,0.0,0.0,0.0,0.0,0.0,0.0,,
Free Cash Flow margin,-4.41083490948,0.110383035343,-0.773612513022,-0.632446351671,-0.631289850434,0.0,0.0,0.0,0.0,0.0
EBITDA,-91863000.0,-52007653.0,-45198210.0,-29590641.0,-23945478.0,-19598563.0,-33669369.0,-33669369.0,-13234424.0,-3411083.0
EBIT,-92735000.0,-52226878.0,-45278461.0,-29655630.0,-23956452.0,-19604779.0,-34002073.0,-34002073.0,-13246949.0,-3418594.0
Consolidated Income,-90751000.0,-42808548.0,-44261562.0,-28453833.0,-23788799.0,-19403759.0,-34344730.0,-34344730.0,-15290625.0,-4539405.0
Earnings Before Tax Margin,-6.05593082951,-5.75010916147,0.0,0.0,0.0,0.0,0.0,0.0,0.0,0.0
Net Profit Margin,-6.13016752229,-4.74661654886,0.0,0.0,0.0,0.0,0.0,0.0,0.0,0.0
