Date,2018-12-31,2017-12-31,2016-12-31,2015-12-31,2014-12-31,2013-12-31,2012-12-31,2011-12-31,2010-12-31,2009-12-31
Revenue,24291000.0,3708000.0,17347000.0,11948000.0,1623000.0,2438000.0,0.0,0.0,8939000.0,2159000.0
Revenue Growth,5.55097087378641,-0.78624546031014,0.45187479075996,6.36167590881084,-0.334290401968827,0.0,0.0,-1,3.14034275127374,-0.3047
Cost of Revenue,0.0,0.0,0.0,-4314000.0,-3692000.0,-2061000.0,0.0,0.0,0.0,0.0
Gross Profit,0.0,0.0,0.0,16262000.0,5315000.0,4499000.0,0.0,0.0,8939000.0,2159000.0
R&D Expenses,38656000.0,27841000.0,24838000.0,21316000.0,23366000.0,20484000.0,0.0,0.0,14779000.0,11920000.0
SG&A Expense,10442000.0,8466000.0,7835000.0,7536000.0,6909000.0,6065000.0,0.0,0.0,5387000.0,5621000.0
Operating Expenses,49098000.0,36307000.0,32673000.0,33433000.0,34327000.0,28956000.0,0.0,0.0,20450000.0,17774000.0
Operating Income,-25045000.0,-33283000.0,-15026000.0,-17171000.0,-29012000.0,-24457000.0,-14735000.0,0.0,-11511000.0,-15615000.0
Interest Expense,0.0,0.0,0.0,0.0,0.0,0.0,0.0,0.0,0.0,0.0
Earnings before Tax,-24283000.0,-32241000.0,-15374000.0,-16460000.0,-22335000.0,0.0,0.0,0.0,-11377000.0,-15366000.0
Income Tax Expense,0.0,0.0,-37000.0,-38000.0,-253000.0,0.0,0.0,0.0,0.0,0.0
Net Income - Non-Controlling int,0.0,0.0,0.0,0.0,0.0,0.0,0.0,0.0,0.0,0.0
Net Income - Discontinued ops,0.0,0.0,0.0,0.0,0.0,0.0,0.0,0.0,0.0,0.0
Net Income,-24283000.0,-32241000.0,-15337000.0,-16422000.0,-22082000.0,-30743000.0,-14735000.0,0.0,-11377000.0,-15366000.0
Preferred Dividends,0.0,0.0,0.0,0.0,0.0,0.0,0.0,0.0,0.0,0.0
Net Income Com,-24283000.0,-32241000.0,-15337000.0,-16422000.0,-22082000.0,-30743000.0,-14735000.0,0.0,-11377000.0,-15366000.0
EPS,-0.18,-0.29,-0.18,-0.2,-0.29,-0.53,0.0,0.0,-0.6,-0.81
EPS Diluted,-0.18,-0.29,-0.18,-0.2,-0.31,-0.53,0.0,0.0,-0.6,-0.81
Weighted Average Shs Out,136641000.0,112053369.0,84715471.0,82143610.0,76954503.0,57674833.0,0.0,0.0,18930678.0,18929333.0
Weighted Average Shs Out (Dil),136641000.0,112053369.0,84715471.0,82851091.0,78541447.0,57674833.0,0.0,0.0,18929749.0,18928379.0
Dividend per Share,0.0,0.0,0.0,0.0,0.0,0.0,0.0,0.0,0.0,0.0
Gross Margin,0.0,0.0,0.0,1.36106461332,3.27479975354,1.84536505332,0.0,0.0,1.0,1.0
EBITDA Margin,-0.995842081429,-8.79153182309,-0.844180549951,-1.41479745564,-17.6537276648,-9.88966365874,0.0,0.0,-1.241,-7.009
EBIT Margin,-1.03104030299,-8.9759978425,-0.8662016487,-1.43714429193,-17.8755391251,-10.031583265,0.0,0.0,-1.2727,-7.1172
Profit Margin,-0.999670659915,-8.69498381877,-0.884129820718,-1.3744559759,-13.6056685151,-12.609926169,0.0,0.0,-1.273,-7.117
Free Cash Flow margin,-0.549586266518,-6.47734627832,-0.630137775984,-1.15199196518,-15.8909426987,-9.34536505332,0.0,0.0,-1.2284,-2.3062
EBITDA,-24190000.0,-32599000.0,-14644000.0,-16904000.0,-28652000.0,-24111000.0,-14735000.0,0.0,-11093000.0,-15133000.0
EBIT,-25045000.0,-33283000.0,-15026000.0,-17171000.0,-29012000.0,-24457000.0,-14735000.0,0.0,-11377000.0,-15366000.0
Consolidated Income,-24283000.0,-32241000.0,-15337000.0,-16422000.0,-22082000.0,-30743000.0,-14735000.0,0.0,-11377000.0,-15366000.0
Earnings Before Tax Margin,-0.999670659915,-8.69498381877,-0.886262754367,-1.37763642451,-13.7615526802,0.0,0.0,0.0,-1.2727,-7.1172
Net Profit Margin,-0.999670659915,-8.69498381877,-0.884129820718,-1.3744559759,-13.6056685151,-12.609926169,0.0,0.0,-1.2727,-7.1172
