Date,2018-12-31,2017-12-31,2016-12-31,2015-12-31,2014-12-31,2013-12-31,2012-12-31,2011-12-31,2010-12-31,2009-12-31
Revenue,152448000.0,8172000.0,2041000.0,2062000.0,11655000.0,131993000.0,119062000.0,117704000.0,108569000.0,100643000.0
Revenue Growth,17.654919236417,3.00391964723175,-0.010184287099903,-0.823080223080223,-0.911699862871516,0.108607280240547,0.0115374158907089,0.0841400399745784,0.0787536142603062,0.0495
Cost of Revenue,80670000.0,75841000.0,75857000.0,74752000.0,72244000.0,68931000.0,62922000.0,57697000.0,57655000.0,55312000.0
Gross Profit,71778000.0,70754000.0,67630000.0,70981000.0,68518000.0,63062000.0,56140000.0,60007000.0,50914000.0,45331000.0
R&D Expenses,5513000.0,5799000.0,6574000.0,6346000.0,5286000.0,4288000.0,3766000.0,2868000.0,2669000.0,3054000.0
SG&A Expense,16217000.0,16430000.0,15319000.0,16082000.0,16205000.0,14612000.0,13054000.0,13646000.0,17268000.0,17273000.0
Operating Expenses,30071000.0,29480000.0,28504000.0,28471000.0,27701000.0,25118000.0,22514000.0,21839000.0,19937000.0,20327000.0
Operating Income,41707000.0,41274000.0,39126000.0,42510000.0,40817000.0,37944000.0,33626000.0,38168000.0,30977000.0,25004000.0
Interest Expense,0.0,0.0,0.0,0.0,0.0,0.0,0.0,0.0,0.0,0.0
Earnings before Tax,42036000.0,0.0,0.0,0.0,0.0,0.0,0.0,0.0,31988000.0,25584000.0
Income Tax Expense,7781000.0,5747000.0,11685000.0,11945000.0,14213000.0,12683000.0,11446000.0,13437000.0,11036000.0,8741000.0
Net Income - Non-Controlling int,0.0,0.0,0.0,0.0,0.0,0.0,0.0,0.0,0.0,0.0
Net Income - Discontinued ops,0.0,0.0,0.0,0.0,0.0,0.0,0.0,0.0,0.0,0.0
Net Income,34255000.0,36593000.0,27581000.0,28925000.0,27808000.0,26582000.0,23629000.0,26038000.0,20952000.0,16843000.0
Preferred Dividends,0.0,0.0,0.0,0.0,0.0,0.0,0.0,0.0,0.0,0.0
Net Income Com,34255000.0,36593000.0,27581000.0,28925000.0,27808000.0,26582000.0,23629000.0,26038000.0,20952000.0,16843000.0
EPS,18.49,19.82,15.12,15.67,14.2,13.22,11.72,12.9,10.38,8.51
EPS Diluted,18.44,19.71,14.85,15.47,14.08,13.18,11.66,12.82,10.32,8.36
Weighted Average Shs Out,1853.0,1846.0,1824.0,1846.0,1958.0,2010000.0,2016000.0,2019000.0,2011657.0,1979771.0
Weighted Average Shs Out (Dil),1858.0,1857.0,1857.0,1870.0,1975.0,2017000.0,2027000.0,2031000.0,2018000.0,1979000.0
Dividend per Share,5085.03767492,4479.26763597,3829.29456112,3245.45454545,2750.37974684,2.39018344075,12.0670942279,1.80994583949,10.56,1.32
Gross Margin,0.470835957179,8.65810083211,33.1357177854,34.4233753637,5.87885027885,0.477767760412,0.4715190405,0.509812750629,0.469,0.4504
EBITDA Margin,0.333425167926,6.11245717083,23.5565899069,24.8947623666,4.25053625054,0.352564151129,0.34634056206,0.379868143818,0.359,0.325
EBIT Margin,0.273581811503,5.05066079295,19.1700146987,20.6159068865,3.5021021021,0.287469790065,0.282424283147,0.32427105281,0.2946,0.2542
Profit Margin,0.224699569689,4.47785119922,13.5134737874,14.027643065,2.38592878593,0.201389467623,0.198459626077,0.221215931489,0.193,0.167
Free Cash Flow margin,0.168772302687,4.57170827215,13.1131798138,15.0843840931,1.59176319176,0.220261680544,0.159765500328,0.159017535513,0.2465,0.2167
EBITDA,50830000.0,49951000.0,48079000.0,51333000.0,49540000.0,46536000.0,41236000.0,44712000.0,39029000.0,32747000.0
EBIT,41707000.0,41274000.0,39126000.0,42510000.0,40817000.0,37944000.0,33626000.0,38168000.0,31988000.0,25584000.0
Consolidated Income,34255000.0,36593000.0,27581000.0,28925000.0,27808000.0,26582000.0,23629000.0,26038000.0,20952000.0,16843000.0
Earnings Before Tax Margin,0.275739924433,0.0,0.0,0.0,0.0,0.0,0.0,0.0,0.2946,0.2542
Net Profit Margin,0.224699569689,4.47785119922,13.5134737874,14.027643065,2.38592878593,0.201389467623,0.198459626077,0.221215931489,0.193,0.1674
