Date,2018-12-31,2017-12-31,2016-12-31,2015-12-31,2014-12-31,2013-12-31,2012-12-31,2011-12-31,2010-12-31,2009-12-31
Revenue,803256000.0,624464000.0,633123000.0,692279000.0,661039000.0,339937000.0,266446000.0,0.0,195754000.0,191201000.0
Revenue Growth,0.286312741807374,-0.0136766473497251,-0.0854510970287991,0.0472589363108682,0.944592674524986,0.275819490628495,0.0,-1,0.0238126369631958,0.1006
Cost of Revenue,622560000.0,487351000.0,473656000.0,504337000.0,493997000.0,252079000.0,197004000.0,0.0,148187000.0,153928000.0
Gross Profit,180696000.0,137113000.0,159467000.0,187942000.0,167042000.0,87858000.0,69442000.0,0.0,47567000.0,37273000.0
R&D Expenses,114300000.0,95000000.0,90200000.0,90100000.0,76700000.0,52800000.0,0.0,0.0,0.0,0.0
SG&A Expense,117033000.0,90516000.0,86328000.0,89141000.0,79680000.0,45553000.0,36817000.0,0.0,23187000.0,24105000.0
Operating Expenses,231333000.0,185516000.0,176528000.0,179241000.0,156380000.0,98353000.0,36817000.0,0.0,23187000.0,43486000.0
Operating Income,63663000.0,30360000.0,73139000.0,98801000.0,87362000.0,42305000.0,32625000.0,0.0,24380000.0,-6213000.0
Interest Expense,0.0,0.0,0.0,0.0,0.0,0.0,0.0,0.0,2551000.0,2533000.0
Earnings before Tax,52282000.0,24991000.0,68785000.0,94050000.0,79107000.0,0.0,31583000.0,0.0,21829000.0,-7746000.0
Income Tax Expense,5479000.0,5312000.0,20361000.0,27076000.0,22937000.0,10945000.0,9709000.0,0.0,6881000.0,-3944000.0
Net Income - Non-Controlling int,0.0,0.0,0.0,0.0,0.0,0.0,0.0,0.0,0.0,0.0
Net Income - Discontinued ops,0.0,0.0,0.0,0.0,0.0,0.0,0.0,0.0,0.0,0.0
Net Income,46803000.0,19679000.0,48424000.0,66974000.0,56170000.0,27266000.0,21874000.0,0.0,14948000.0,-3802000.0
Preferred Dividends,0.0,0.0,0.0,0.0,0.0,0.0,0.0,0.0,0.0,0.0
Net Income Com,46803000.0,19679000.0,48424000.0,66974000.0,56170000.0,27266000.0,21874000.0,0.0,14948000.0,-3802000.0
EPS,1.45,0.69,1.66,2.63,2.59,1.56,1.53,0.0,0.824,-0.21
EPS Diluted,1.41,0.67,1.61,2.55,2.48,1.49,1.45,0.0,0.794,-0.21
Weighted Average Shs Out,32351000.0,28586000.0,29163000.0,25430000.0,21713000.0,17484000.0,14286000.0,0.0,18303620.0,18026204.0
Weighted Average Shs Out (Dil),33136000.0,29320000.0,30032000.0,26243000.0,22662000.0,18359000.0,15131000.0,0.0,18303620.0,18026204.0
Dividend per Share,0.0,0.0,0.0,0.0,0.0,0.0,0.0,0.0,0.0,0.0
Gross Margin,0.224954435448,0.219569102462,0.251873648564,0.271483029241,0.252696134419,0.258453772317,0.26062316567,0.0,0.243,0.1949
EBITDA Margin,0.122868674495,0.091955661175,0.15625557751,0.179277430053,0.173387651863,0.156982029023,0.148360268122,0.0,0.149,0.011
EBIT Margin,0.0792561773582,0.0486176945348,0.11552099671,0.142718470443,0.132158616965,0.124449530354,0.122445073298,0.0,0.1245,-0.0273
Profit Margin,0.058266604918,0.0315134259141,0.076484348223,0.0967442317332,0.0849722936166,0.0802089798992,0.0820954339716,0.0,0.076,-0.02
Free Cash Flow margin,0.0480096009242,0.0389213789746,0.0565719457357,0.0864680280638,0.089241330693,0.125555617659,0.027990662273,0.0,0.0661,0.1519
EBITDA,98695000.0,57423000.0,98929000.0,124110000.0,114616000.0,53364000.0,39530000.0,0.0,29261000.0,2129000.0
EBIT,63663000.0,30360000.0,73139000.0,98801000.0,87362000.0,42305000.0,32625000.0,0.0,24380000.0,-5213000.0
Consolidated Income,46803000.0,19679000.0,48424000.0,66974000.0,56170000.0,27266000.0,21874000.0,0.0,14948000.0,-3802000.0
Earnings Before Tax Margin,0.0650875934945,0.0400199210843,0.108643975973,0.135855630461,0.119670700216,0.0,0.118534337164,0.0,0.1115,-0.0405
Net Profit Margin,0.058266604918,0.0315134259141,0.076484348223,0.0967442317332,0.0849722936166,0.0802089798992,0.0820954339716,0.0,0.0764,-0.0199
