date,,2020-12-31_FY,2019-12-31_FY,2018-12-31_FY,2017-12-31_FY,2016-12-31_FY,2015-12-31_FY,2014-12-31_FY,2013-12-31_FY,2012-12-31_FY,2011-12-31_FY,2010-12-31_FY,2009-12-31_FY,2008-12-31_FY,2007-12-31_FY,2006-12-31_FY,2005-12-31_FY,2004-12-31_FY,2003-12-31_FY,2002-12-31_FY,2001-12-31_FY,2000-12-31_FY,1999-12-31_FY,1998-12-31_FY,1997-12-31_FY,1996-12-31_FY
,revenue,149599000.0,123864000.0,63554000.0,54515000.0,52222046.0,45658100.0,26501665.0,20618500.0,22575578.0,16458492.0,12818698.0,8311062.0,5660711.0,7856996.0,4268399.0,2224746.0,2745956.0,3786844.0,3995761.0,3498524.0,1993241.0,3481862.0,2750868.0,3717023.0,3691804.0
,costOfRevenue,63100000.0,50475000.0,31065000.0,27466000.0,28816766.0,19457683.0,11236695.0,9197230.0,9520472.0,6797192.0,4273210.0,4139834.0,2019585.0,3442020.0,1555970.0,1136745.0,1372302.0,2007883.0,2573280.0,1862955.0,1646589.0,1785464.0,1852026.0,1221051.0,1136272.0
,grossProfit,86499000.0,73389000.0,32489000.0,27049000.0,23405280.0,26200417.0,15264970.0,11421270.0,13055106.0,9661300.0,8545488.0,4171228.0,3641126.0,4414976.0,2712429.0,1088001.0,1373654.0,1778961.0,1422481.0,1635569.0,346652.0,1696398.0,898842.0,2495972.0,2555532.0
,grossProfitRatio,0.578205736669363,0.592496609184267,0.511203071403846,0.496175364578556,0.448187725161132,0.573839406370392,0.576000413558922,0.553933118316075,0.578284462971446,0.587010037128553,0.666642431235996,0.501888687631015,0.64322767934982,0.561916539094585,0.635467537125747,0.489045041546316,0.500246180200994,0.469774038751002,0.355997518370093,0.467502581088482,0.173913741489363,0.487210004302296,0.326748502654435,0.67149759363878,0.692217680028517
,,,,,,,,,,,,,,,,,,,,,,,,,,,,,,,,,,,,,,,,,,,,,,,,,,,,,,,,,,,,,,,,,,,,,,,,,,,,,,,,,,,,,,,,,,,,,,,,,,,,,
COST And EXPENSES,,,,,,,,,,,,,,,,,,,,,,,,,,,,,,,,,,,,,,,,,,,,,,,,,,,,,,,,,,,,,,,,,,,,,,,,,,,,,,,,,,,,,,,,,,,,,,,,,,,,,
,ResearchAndDevelopmentExpenses,10121000.0,10624000.0,12328000.0,13147000.0,21126936.0,19731564.0,18638016.0,15263371.0,14921552.0,6699325.0,8802502.0,7902486.0,7866499.0,5362291.0,3778469.0,3409486.0,3546438.0,3493966.0,3654333.0,3555874.0,1223034.0,2417779.0,3516856.0,2573814.0,2584806.0
,GeneralAndAdministrativeExpenses,62759000.0,61773000.0,36762000.0,30353000.0,26394804.0,26930832.0,31740249.0,8293755.0,7202428.0,5845588.0,4734427.0,4911356.0,6347997.0,7698271.0,7210789.0,6267689.0,6201882.0,6919035.0,6030044.0,6702234.0,1973471.0,1831229.0,2426639.0,3362080.0,1397338.0
,SellingAndMarketingExpenses,0.0,0.0,0.0,0.0,0.0,0.0,0.0,8714461.0,2382625.0,1553174.0,1035017.0,1051030.0,1624599.0,0.0,0.0,0.0,0.0,0.0,0.0,0.0,627909.0,1058364.0,1001178.0,0.0,1019077.0
,otherExpenses,89000.0,530000.0,261000.0,271000.0,-199436.0,-34385.0,-90237.0,-59183.0,-53560.0,0.0,0.0,0.0,0.0,0.0,0.0,0.0,0.0,0.0,0.0,0.0,0.0,0.0,0.0,0.0,0.0
,operatingExpenses,72880000.0,72397000.0,49090000.0,43500000.0,47521740.0,46662396.0,50378265.0,32271587.0,24506605.0,14098087.0,14571946.0,13864872.0,15839095.0,13060562.0,10989258.0,9677175.0,9748320.0,10413001.0,11684377.0,10258108.0,5218558.0,5307372.0,6944673.0,5935894.0,5001221.0
,costAndExpenses,135980000.0,122872000.0,80155000.0,70966000.0,76338506.0,66120079.0,61614960.0,41468817.0,34027077.0,20895279.0,18845156.0,18004706.0,17858680.0,16502582.0,12545228.0,10813920.0,11120622.0,12420884.0,14257657.0,12121063.0,6865147.0,7092836.0,8796699.0,7156945.0,6137493.0
,interestExpense,3787000.0,3549000.0,2675000.0,1423000.0,0.0,0.0,0.0,0.0,0.0,887.0,4464.0,633459.0,1021675.0,0.0,3132.0,576.0,0.0,920130.0,0.0,0.0,0.0,0.0,0.0,0.0,0.0
,,,,,,,,,,,,,,,,,,,,,,,,,,,,,,,,,,,,,,,,,,,,,,,,,,,,,,,,,,,,,,,,,,,,,,,,,,,,,,,,,,,,,,,,,,,,,,,,,,,,,
EBITDA,,,,,,,,,,,,,,,,,,,,,,,,,,,,,,,,,,,,,,,,,,,,,,,,,,,,,,,,,,,,,,,,,,,,,,,,,,,,,,,,,,,,,,,,,,,,,,,,,,,,,
,depreciationAndAmortization,2627000.0,2557000.0,2724000.0,2104000.0,1860682.0,1569848.0,1224217.0,558280.0,231028.0,168173.0,188750.0,226384.0,283320.0,2777790.0,493624.0,513262.0,776330.0,894296.0,2053279.0,560628.0,413701.0,461343.0,596727.0,326065.0,178526.0
,EBITDA,16246000.0,3549000.0,-13877000.0,-14347000.0,-22255778.0,-18892131.0,-33889078.0,-20292037.0,-11220471.0,-4268614.0,-5837708.0,-9467260.0,-11914649.0,-5867796.0,-7783205.0,-8075912.0,-7598336.0,-7739744.0,-8208617.0,-8061911.0,-4458205.0,-3149631.0,-5449104.0,-3113857.0,-2267163.0
,EBITDARatio,0.108596982600151,0.0286523929471033,-0.218349749819052,-0.263175272860681,-0.426175910457434,-0.413773919633099,-1.27875278779654,-0.984166500957878,-0.497018105139988,-0.259356324990163,-0.45540568940777,-1.13911555466678,-2.10479725956686,-0.746824358826198,-1.82344832336433,-3.63003776610903,-2.76710041967169,-2.04385076332693,-2.05433132762445,-2.30437493068505,-2.23666129685271,-0.904582375751825,-1.98086712993862,-0.83772874152245,-0.614107086941777
,,,,,,,,,,,,,,,,,,,,,,,,,,,,,,,,,,,,,,,,,,,,,,,,,,,,,,,,,,,,,,,,,,,,,,,,,,,,,,,,,,,,,,,,,,,,,,,,,,,,,
INCOME,,,,,,,,,,,,,,,,,,,,,,,,,,,,,,,,,,,,,,,,,,,,,,,,,,,,,,,,,,,,,,,,,,,,,,,,,,,,,,,,,,,,,,,,,,,,,,,,,,,,,
,operatingIncome,13619000.0,992000.0,-16601000.0,-16451000.0,-24116460.0,-20461979.0,-35113295.0,-20850317.0,-11451499.0,-4436787.0,-6026458.0,-9693644.0,-12197969.0,-8645586.0,-8276829.0,-8589174.0,-8374666.0,-8634040.0,-10261896.0,-8622539.0,-4871906.0,-3610974.0,-6045831.0,-3439922.0,-2445689.0
,operatingIncomeRatio,0.0910367047908074,0.00800878382742363,-0.26121093872927,-0.30177015500321,-0.461806111541474,-0.448156603099998,-1.3249467533455,-1.01124315541868,-0.507251641574803,-0.269574332812508,-0.470130273761033,-1.16635443220132,-2.1548475094383,-1.10036787596685,-1.939094494212,-3.8607436534328,-3.0498179868869,-2.28000942209397,-2.56819564533514,-2.46462193770859,-2.44421321857216,-1.03708130879397,-2.19779029746247,-0.925450824490459,-0.662464475362181
,totalOtherIncomeExpensesNet,89000.0,530000.0,12761000.0,1131000.0,-202127.0,-82336.0,-90081.0,-68036.0,-39146.0,-5838.0,-90951.0,9081.0,-23870.0,-33031.0,-173121.0,-37038.0,6313.0,-23280335.0,-2068073.0,-1002513.0,-1394144.0,0.0,0.0,0.0,0.0
,incomeBeforeTax,9921000.0,-2027000.0,-6515000.0,-16743000.0,-24238804.0,-20483846.0,-35126715.0,-20806776.0,-11427450.0,0.0,0.0,0.0,0.0,0.0,0.0,0.0,0.0,0.0,-11607611.0,-9497075.0,-4881878.0,0.0,0.0,0.0,0.0
,incomeBeforeTaxRatio,0.0663172882171672,-0.0163647225989795,-0.102511250275356,-0.307126478950748,-0.46414887689387,-0.44863553235899,-1.32545313662368,-1.00913141111138,-0.506186375383168,0.0,0.0,0.0,0.0,0.0,0.0,0.0,0.0,0.0,-2.90498130393685,-2.71459478340009,-2.44921612589747,0.0,0.0,0.0,0.0
,incomeTaxExpense,-46280000.0,0.0,0.0,0.0,100000.0,175000.0,25000.0,-300000.0,0.0,0.0,0.0,0.0,0.0,0.0,0.0,0.0,0.0,0.0,1104.0,2026.0,0.0,0.0,0.0,0.0,0.0
,netIncome,56201000.0,-2027000.0,-6515000.0,-16743000.0,-24338804.0,-20658846.0,-35151715.0,-20506776.0,-11427450.0,-4387920.0,-6091198.0,-10290752.0,-12690453.0,-8578939.0,-8099846.0,-8497956.0,-8348532.0,-32817964.0,-11608765.0,-9499101.0,-4881878.0,-3703439.0,-5769464.0,-2971767.0,-2238568.0
,netIncomeRatio,0.375677644904043,-0.0163647225989795,-0.102511250275356,-0.307126478950748,-0.46606377697266,-0.452468368153734,-1.32639647358006,-0.994581371098771,-0.506186375383168,-0.266605227258974,-0.475180708680398,-1.23819940219433,-2.24184788801265,-1.09188537196659,-1.89763093843851,-3.81974211887559,-3.04030071858398,-8.66630999322919,-2.90527010999907,-2.71517388475826,-2.44921612589747,-1.06363750200324,-2.09732491708072,-0.799501913224642,-0.606361551154937
,,,,,,,,,,,,,,,,,,,,,,,,,,,,,,,,,,,,,,,,,,,,,,,,,,,,,,,,,,,,,,,,,,,,,,,,,,,,,,,,,,,,,,,,,,,,,,,,,,,,,
EPS,,,,,,,,,,,,,,,,,,,,,,,,,,,,,,,,,,,,,,,,,,,,,,,,,,,,,,,,,,,,,,,,,,,,,,,,,,,,,,,,,,,,,,,,,,,,,,,,,,,,,
,EPS,0.34,-0.01,-0.04,-0.11,-0.16,-0.14,-0.27,-0.16,-0.1,-0.05,-0.07,-0.14,-0.19,-0.14,-0.16,-0.21,-0.23,-2.18,-1.22,-1.76,-3.46,-2.7,-4.07,-2.1,-1.95
,EPSDiluted,0.33,-0.01,-0.04,-0.11,-0.16,-0.14,-0.27,-0.16,-0.1,-0.05,-0.07,-0.14,-0.19,-0.14,-0.16,-0.21,-0.23,-2.18,-1.22,-1.76,-3.46,-2.7,-4.07,-2.1,-1.95
,weightedAverageShsOut,166066000.0,202700000.0,162875000.0,156054000.0,154992000.0,146594000.0,130550000.0,126897247.0,110185077.0,96994779.0,83170297.0,73488507.0,67232889.0,59604646.0,51582111.0,41459533.0,36347892.0,15092803.0,9617749.0,8494795.0,1426308.0,1424731.0,1421066.0,1402140.0,1160669.0
,weightedAverageShsOutDil,166375000.0,202700000.0,162875000.0,156054000.0,154992000.0,146594000.0,130550000.0,126897247.0,110185077.0,96994779.0,83170297.0,73488507.0,67232889.0,59604646.0,51582111.0,41459533.0,36347892.0,15092803.0,9617749.0,8494795.0,1426308.0,1424731.0,1421066.0,1402140.0,1160669.0
