date,,2020-12-31_FY,2019-12-31_FY,2018-12-31_FY,2017-12-31_FY,2016-12-31_FY,2015-12-31_FY,2014-12-31_FY,2013-12-31_FY,2012-12-31_FY,2011-12-31_FY,2010-12-31_FY,2009-12-31_FY,2008-12-31_FY,2007-12-31_FY,2006-12-31_FY,2005-12-31_FY,2001-12-31_FY,2000-12-31_FY,1999-12-31_FY,1998-12-31_FY,1997-12-31_FY,1996-12-31_FY,1995-12-31_FY,1994-12-31_FY,1993-12-31_FY,1992-12-31_FY,1991-12-31_FY,1990-12-31_FY,1989-12-31_FY,1988-12-31_FY,1987-12-31_FY,1986-12-31_FY,1985-12-31_FY
,revenue,3777000000.0,3610000000.0,3440000000.0,3357000000.0,3302000000.0,3159000000.0,3011328000.0,2901858000.0,2876889000.0,2666236000.0,2710606000.0,2440703000.0,2336928000.0,2214215000.0,2093067000.0,2136746000.0,1438887000.0,1350590000.0,1260857000.0,1017800000.0,954200000.0,894600000.0,802800000.0,770200000.0,717500000.0,657400000.0,633000000.0,570700000.0,527500000.0,511900000.0,483400000.0,466500000.0,429700000.0
,costOfRevenue,1622000000.0,1544000000.0,1479000000.0,1378000000.0,1504000000.0,1404000000.0,1349864000.0,1312724000.0,1350040000.0,0.0,0.0,0.0,0.0,0.0,0.0,0.0,664549000.0,592634000.0,552963000.0,437100000.0,421600000.0,418200000.0,396700000.0,385000000.0,355800000.0,333200000.0,318300000.0,294700000.0,285600000.0,271600000.0,246500000.0,232700000.0,213000000.0
,grossProfit,2155000000.0,2066000000.0,1961000000.0,1979000000.0,1798000000.0,1755000000.0,1661464000.0,1589134000.0,1526849000.0,2666236000.0,2710606000.0,2440703000.0,0.0,0.0,0.0,0.0,774338000.0,757956000.0,707894000.0,580700000.0,532600000.0,476400000.0,406100000.0,385200000.0,361700000.0,324200000.0,314700000.0,276000000.0,241900000.0,240300000.0,236900000.0,233800000.0,216700000.0
,grossProfitRatio,0.570558644426794,0.572299168975069,0.570058139534884,0.589514447423295,0.544518473652332,0.555555555555556,0.55173797075576,0.547626382820937,0.530729200883315,1.0,1.0,1.0,0.0,0.0,0.0,0.0,0.538150667842576,0.561203622120703,0.56143876744151,0.570544311259579,0.558163906937749,0.53252850435949,0.505854509217738,0.500129836406128,0.50411149825784,0.493154852449042,0.497156398104265,0.483616611179254,0.458578199052133,0.469427622582536,0.490070335126189,0.50117899249732,0.504305329299511
,,,,,,,,,,,,,,,,,,,,,,,,,,,,,,,,,,,,,,,,,,,,,,,,,,,,,,,,,,,,,,,,,,,,,,,,,,,,,,,,,,,,,,,,,,,,,,,,,,,,,
COST And EXPENSES,,,,,,,,,,,,,,,,,,,,,,,,,,,,,,,,,,,,,,,,,,,,,,,,,,,,,,,,,,,,,,,,,,,,,,,,,,,,,,,,,,,,,,,,,,,,,,,,,,,,,
,ResearchAndDevelopmentExpenses,0.0,0.0,0.0,0.0,0.0,0.0,0.0,0.0,0.0,0.0,0.0,0.0,0.0,0.0,0.0,0.0,0.0,0.0,0.0,0.0,0.0,0.0,0.0,0.0,0.0,0.0,0.0,0.0,0.0,0.0,0.0,0.0,0.0
,GeneralAndAdministrativeExpenses,0.0,0.0,0.0,0.0,0.0,0.0,0.0,0.0,0.0,0.0,0.0,0.0,0.0,0.0,-5980000.0,0.0,0.0,0.0,0.0,0.0,0.0,0.0,0.0,0.0,0.0,0.0,0.0,0.0,0.0,0.0,0.0,0.0,5400000.0
,SellingAndMarketingExpenses,0.0,0.0,0.0,0.0,0.0,0.0,0.0,0.0,0.0,0.0,0.0,0.0,0.0,0.0,0.0,0.0,0.0,0.0,0.0,0.0,0.0,0.0,0.0,0.0,0.0,0.0,0.0,0.0,0.0,0.0,0.0,0.0,0.0
,otherExpenses,71000000.0,49000000.0,39000000.0,17000000.0,15000000.0,15000000.0,-3196000.0,-4045000.0,-926000.0,0.0,0.0,0.0,0.0,0.0,0.0,0.0,0.0,0.0,0.0,0.0,0.0,0.0,0.0,0.0,0.0,0.0,0.0,0.0,0.0,0.0,0.0,0.0,0.0
,operatingExpenses,907000000.0,862000000.0,822000000.0,751000000.0,728000000.0,683000000.0,660816000.0,642360000.0,602715000.0,1864093000.0,1962515000.0,1817094000.0,2530093000.0,2211279000.0,1839557000.0,0.0,982056000.0,894412000.0,841263000.0,659700000.0,622000000.0,602100000.0,559900000.0,538700000.0,498800000.0,122000000.0,110400000.0,99100000.0,86700000.0,80300000.0,77100000.0,73100000.0,73600000.0
,costAndExpenses,2529000000.0,2406000000.0,2301000000.0,2129000000.0,2232000000.0,2087000000.0,2010680000.0,1955084000.0,1952755000.0,1864093000.0,1962515000.0,1817094000.0,2530093000.0,2211279000.0,1839557000.0,0.0,1646605000.0,1487046000.0,1394226000.0,1096800000.0,1043600000.0,1020300000.0,956600000.0,923700000.0,854600000.0,455200000.0,428700000.0,393800000.0,372300000.0,351900000.0,323600000.0,305800000.0,286600000.0
,interestExpense,0.0,0.0,0.0,0.0,0.0,0.0,309259000.0,319917000.0,323446000.0,323357000.0,315043000.0,296545000.0,0.0,0.0,0.0,0.0,0.0,0.0,0.0,0.0,0.0,0.0,0.0,0.0,0.0,0.0,0.0,0.0,0.0,0.0,0.0,0.0,0.0
,,,,,,,,,,,,,,,,,,,,,,,,,,,,,,,,,,,,,,,,,,,,,,,,,,,,,,,,,,,,,,,,,,,,,,,,,,,,,,,,,,,,,,,,,,,,,,,,,,,,,
EBITDA,,,,,,,,,,,,,,,,,,,,,,,,,,,,,,,,,,,,,,,,,,,,,,,,,,,,,,,,,,,,,,,,,,,,,,,,,,,,,,,,,,,,,,,,,,,,,,,,,,,,,
,depreciationAndAmortization,604000000.0,582000000.0,545000000.0,492000000.0,470000000.0,440000000.0,424084000.0,407718000.0,381503000.0,351821000.0,354650000.0,294240000.0,0.0,0.0,0.0,0.0,187974000.0,176559000.0,165626000.0,129800000.0,112500000.0,101900000.0,87000000.0,80600000.0,75100000.0,58400000.0,52100000.0,47000000.0,39700000.0,35500000.0,35000000.0,32800000.0,29600000.0
,EBITDA,1852000000.0,1786000000.0,1684000000.0,1720000000.0,1540000000.0,1512000000.0,1424732000.0,1354492000.0,1305637000.0,1153964000.0,1102741000.0,917849000.0,113215000.0,261411000.0,516883000.0,2136746000.0,-19744000.0,40103000.0,32257000.0,50800000.0,23100000.0,-23800000.0,-66800000.0,-72900000.0,-62000000.0,260600000.0,256400000.0,223900000.0,194900000.0,195500000.0,194800000.0,193500000.0,172700000.0
,EBITDARatio,0.490336245697644,0.494736842105263,0.48953488372093,0.512362228179922,0.466384009691096,0.478632478632479,0.473124149876732,0.466767154009604,0.453836418436721,0.432806398233315,0.406824525585792,0.376059274725356,0.0484460796395952,0.118060350959595,0.246950049855069,1.0,-0.0137217168547634,0.0296929490074708,0.0255833928827773,0.0499115739831008,0.024208761265982,-0.02660406885759,-0.083208769307424,-0.0946507400675149,-0.086411149825784,0.396410100395497,0.405055292259084,0.392325214648677,0.369478672985782,0.381910529400273,0.402978899462143,0.414790996784566,0.401908308121946
,,,,,,,,,,,,,,,,,,,,,,,,,,,,,,,,,,,,,,,,,,,,,,,,,,,,,,,,,,,,,,,,,,,,,,,,,,,,,,,,,,,,,,,,,,,,,,,,,,,,,
INCOME,,,,,,,,,,,,,,,,,,,,,,,,,,,,,,,,,,,,,,,,,,,,,,,,,,,,,,,,,,,,,,,,,,,,,,,,,,,,,,,,,,,,,,,,,,,,,,,,,,,,,
,operatingIncome,1248000000.0,1204000000.0,1139000000.0,1228000000.0,1070000000.0,1072000000.0,1000648000.0,946774000.0,924134000.0,802143000.0,748091000.0,623609000.0,-193165000.0,2936000.0,253510000.0,2136746000.0,-207718000.0,-136456000.0,-133369000.0,-79000000.0,-89400000.0,-125700000.0,-153800000.0,-153500000.0,-137100000.0,202200000.0,204300000.0,176900000.0,155200000.0,160000000.0,159800000.0,160700000.0,143100000.0
,operatingIncomeRatio,0.330420969023034,0.333518005540166,0.331104651162791,0.365802800119154,0.32404603270745,0.33934789490345,0.3322945889654,0.326264758647735,0.32122685303465,0.30085221263234,0.275986624393217,0.255503844589038,-0.0826576599706966,0.00132597782961456,0.121118913059162,1.0,-0.144360189507585,-0.101034362759979,-0.105776467910318,-0.077618392611515,-0.0936910500943199,-0.140509725016767,-0.19157947184853,-0.199298883406907,-0.191080139372822,0.307575296623061,0.322748815165877,0.309970212020326,0.294218009478673,0.312561047079508,0.330575093090608,0.344480171489818,0.333023039329765
,totalOtherIncomeExpensesNet,71000000.0,11000000.0,-2000000.0,26000000.0,25000000.0,18000000.0,14010000.0,-26537000.0,23276000.0,13952000.0,16388000.0,-438729000.0,5058000.0,13727000.0,870000.0,0.0,1535000.0,-8558000.0,-30145000.0,-1300000.0,-900000.0,1600000.0,-7100000.0,500000.0,-700000.0,3400000.0,4900000.0,3500000.0,2900000.0,1800000.0,4300000.0,6700000.0,700000.0
,incomeBeforeTax,924000000.0,833000000.0,787000000.0,912000000.0,770000000.0,782000000.0,709814000.0,605470000.0,631258000.0,503680000.0,449436000.0,-111665000.0,-450594000.0,-255519000.0,-108938000.0,0.0,271807000.0,266367000.0,230349000.0,214300000.0,193800000.0,165500000.0,149700000.0,128600000.0,123300000.0,105900000.0,111800000.0,86700000.0,74800000.0,87900000.0,97100000.0,103200000.0,84000000.0
,incomeBeforeTaxRatio,0.244638602065131,0.230747922437673,0.228779069767442,0.271671134941912,0.233192004845548,0.247546691991136,0.235714608305704,0.208649079314012,0.219423829004178,0.188910509047211,0.165806465417696,-0.0457511626773106,-0.19281466951485,-0.115399362753843,-0.0520470677718391,0.0,0.188900865738588,0.197222695266513,0.182692406831227,0.210552171349971,0.20310207503668,0.184998882181981,0.186472346786248,0.166969618280966,0.17184668989547,0.161089139032552,0.176619273301738,0.151918696337831,0.141800947867299,0.171713225239305,0.200868845676458,0.221221864951768,0.19548522224808
,incomeTaxExpense,215000000.0,212000000.0,222000000.0,486000000.0,302000000.0,306000000.0,279973000.0,236206000.0,257008000.0,198751000.0,181609000.0,121418000.0,111827000.0,86756000.0,46912000.0,0.0,110324000.0,105306000.0,91400000.0,83300000.0,74700000.0,63800000.0,57600000.0,49900000.0,47900000.0,37700000.0,38200000.0,29600000.0,26500000.0,31000000.0,41100000.0,47400000.0,37100000.0
,netIncome,709000000.0,621000000.0,567000000.0,426000000.0,468000000.0,476000000.0,423108000.0,369264000.0,358070000.0,309613000.0,267827000.0,-233083000.0,-562421000.0,-342826000.0,-162243000.0,-325040000.0,161483000.0,161061000.0,138949000.0,131000000.0,119100000.0,101700000.0,92100000.0,78700000.0,75400000.0,68200000.0,73600000.0,57100000.0,48300000.0,56900000.0,56000000.0,55800000.0,46900000.0
,netIncomeRatio,0.187715117818374,0.17202216066482,0.164825581395349,0.126899016979446,0.141732283464567,0.15068059512504,0.140505451415455,0.127250885467173,0.124464308494349,0.116123628966078,0.0988070564294479,-0.0954983052014112,-0.240666807021868,-0.154829589719156,-0.0775144799473691,-0.152119156886219,0.112227714893525,0.119252326760897,0.110202029254705,0.128708980153272,0.12481660029344,0.113682092555332,0.114723467862481,0.102181251622955,0.105087108013937,0.103742013994524,0.116271721958926,0.100052567022954,0.091563981042654,0.11115452236765,0.115846090194456,0.119614147909968,0.109145915755178
,,,,,,,,,,,,,,,,,,,,,,,,,,,,,,,,,,,,,,,,,,,,,,,,,,,,,,,,,,,,,,,,,,,,,,,,,,,,,,,,,,,,,,,,,,,,,,,,,,,,,
EPS,,,,,,,,,,,,,,,,,,,,,,,,,,,,,,,,,,,,,,,,,,,,,,,,,,,,,,,,,,,,,,,,,,,,,,,,,,,,,,,,,,,,,,,,,,,,,,,,,,,,,
,EPS,3.9171270718232,3.44,3.16,2.39,2.63,2.66,2.36,2.08,2.03,1.77,1.53190187207221,-1.39,-3.52,-2.14,-1.01,-2.02999999494124,1.62,1.61,1.4,1.58,1.45,1.31,1.32,1.17,1.15,1.04,1.14,0.92,0.78,0.92,0.91,0.91,0.77
,EPSDiluted,3.9171270718232,3.43,3.15,2.38,2.62,2.64,2.35,2.06,2.01,1.76,1.5293563417921,-1.39,-3.52,-2.14,-1.01,-1.72000000169333,1.61,1.61,1.4,1.58,1.45,1.31,1.32,1.17,1.15,1.04,1.14,0.92,0.78,0.92,0.91,0.9,0.76
,weightedAverageShsOut,181000000.0,181000000.0,180000000.0,178000000.0,178000000.0,179000000.0,178888000.0,177814000.0,176445000.0,175484000.0,174833000.0,168164000.0,159967000.0,160000000.0,160636634.0,160118227.0,99465000.0,97988000.0,96544000.0,80379747.0,79379310.0,74580153.0,66742424.0,63846154.0,62086957.0,61730769.0,61315789.0,61304348.0,61025641.0,60978261.0,60549451.0,60329670.0,59610390.0
,weightedAverageShsOutDil,182000000.0,181000000.0,180000000.0,179000000.0,179000000.0,180000000.0,179806000.0,179056000.0,177671000.0,176531000.0,175124000.0,168164000.0,159967000.0,160000000.0,160636634.0,188976744.0,99465000.0,97988000.0,96544000.0,80379747.0,79379310.0,74580153.0,66742424.0,63846154.0,62086957.0,61730769.0,61315789.0,61304348.0,61025641.0,60978261.0,60549451.0,61000000.0,60394737.0
