Date,2019-02-28,2018-02-28,2017-02-28,2016-02-29,2015-02-28,2014-02-28,2013-02-28,2012-02-29,2011-02-28,2010-02-28
Revenue,927087000.0,810430000.0,863538000.0,889400000.0,819692000.0,751723000.0,570594000.0,469112410.0,380649407.0,357030075.0
Revenue Growth,0.1439,-0.0615,-0.0291,0.085,0.0904,0.3174,0.2163,0.2324,0.0662,-0.1342
Cost of Revenue,728466000.0,650121000.0,658206000.0,661282000.0,612919000.0,546018000.0,406421000.0,344525516.0,273006712.0,247383972.0
Gross Profit,198621000.0,160309000.0,205332000.0,228118000.0,206773000.0,205705000.0,164173000.0,124586894.0,107642695.0,109646103.0
R&D Expenses,0.0,0.0,0.0,0.0,0.0,0.0,0.0,0.0,0.0,0.0
SG&A Expense,121665000.0,112061000.0,106424000.0,107823000.0,98871000.0,105591000.0,66189000.0,48864886.0,46645119.0,43417024.0
Operating Expenses,121665000.0,112061000.0,106424000.0,107823000.0,98871000.0,105591000.0,66189000.0,46840657.0,45029177.0,42518122.0
Operating Income,76956000.0,48248000.0,98908000.0,120295000.0,107902000.0,100114000.0,97984000.0,77746237.0,62613518.0,67127981.0
Interest Expense,14971000.0,13860000.0,14732000.0,15155000.0,16561000.0,18407000.0,13073000.0,13939149.0,7730556.0,6838028.0
Earnings before Tax,63005000.0,30899000.0,85297000.0,102375000.0,91207000.0,93911000.0,94369000.0,63640905.0,54958016.0,60383252.0
Income Tax Expense,11797000.0,-14270000.0,24033000.0,26831000.0,25591000.0,34314000.0,33913000.0,22905109.0,19995375.0,22655328.0
Net Income - Non-Controlling int,0.0,0.0,0.0,0.0,0.0,0.0,0.0,0.0,0.0,0.0
Net Income - Discontinued ops,0.0,0.0,0.0,0.0,0.0,0.0,0.0,0.0,0.0,0.0
Net Income,51208000.0,45169000.0,61264000.0,75544000.0,65616000.0,59597000.0,60456000.0,40735796.0,34962641.0,37727924.0
Preferred Dividends,0.0,0.0,0.0,0.0,0.0,0.0,0.0,0.0,0.0,0.0
Net Income Com,51208000.0,45169000.0,61264000.0,75544000.0,65616000.0,59597000.0,60456000.0,40735796.0,34962641.0,37727924.0
EPS,1.97,1.74,2.36,2.93,2.56,2.34,2.39,1.62,1.4,1.535
EPS Diluted,1.96,1.73,2.35,2.91,2.55,2.32,2.37,1.61,1.39,1.51
Weighted Average Shs Out,26087191.0,25961323.0,25953941.0,25837006.0,25714873.0,25538265.0,25376967.0,25165230.0,24996108.0,24713044.0
Weighted Average Shs Out (Dil),26038000.0,25970000.0,25965000.0,25800000.0,25676000.0,25514000.0,25320000.0,25131754.0,24922700.0,24566334.0
Dividend per Share,0.68,0.68,0.64,0.6,0.58,0.56,0.53,0.5,0.5,0.125
Gross Margin,0.2142,0.1978,0.2378,0.2565,0.2523,0.2736,0.2877,0.2656,0.2828,0.3071
EBITDA Margin,0.138,0.118,0.174,0.185,0.188,0.207,0.24,0.214,0.223,0.237
EBIT Margin,0.0841,0.0552,0.1158,0.1321,0.1315,0.1494,0.1883,0.1654,0.1647,0.1883
Profit Margin,0.055,0.056,0.071,0.085,0.08,0.079,0.106,0.087,0.092,0.106
Free Cash Flow margin,0.0977,0.0614,0.0817,0.1179,0.1099,0.0958,0.1396,0.095,0.0681,0.1988
EBITDA,128221000.0,95285000.0,150386000.0,164947000.0,153857000.0,155623000.0,136805000.0,100174741.0,84854654.0,84647775.0
EBIT,77976000.0,44759000.0,100029000.0,117530000.0,107768000.0,112318000.0,107442000.0,77580054.0,62688572.0,67221280.0
Consolidated Income,51208000.0,45169000.0,61264000.0,75544000.0,65616000.0,59597000.0,60456000.0,40735796.0,34962641.0,37727924.0
Earnings Before Tax Margin,0.068,0.0381,0.0988,0.1151,0.1113,0.1249,0.1654,0.1357,0.1444,0.1691
Net Profit Margin,0.0552,0.0557,0.0709,0.0849,0.08,0.0793,0.106,0.0868,0.0918,0.1057
