date,,2019-12-31_FY,2019-09-30_FY,2019-06-30_FY,2019-03-31_FY,2018-12-31_FY,2018-09-30_FY,2018-06-30_FY,2018-03-31_FY,2017-12-31_FY,2017-09-30_FY,2017-06-30_FY,2017-03-31_FY,2016-12-31_FY,2016-09-30_FY,2016-06-30_FY,2016-03-31_FY,2015-12-31_FY,2015-09-30_FY,2015-06-30_FY,2015-03-31_FY,2014-12-31_FY,2014-09-30_FY,2014-06-30_FY,2014-03-31_FY,2013-12-31_FY,2013-09-30_FY,2013-06-30_FY,2013-03-31_FY,2012-12-31_FY,2012-09-30_FY,2012-06-30_FY,2012-03-31_FY,2011-12-31_FY,2011-09-30_FY,2011-06-30_FY,2011-03-31_FY,2010-12-31_FY,2010-09-30_FY,2010-06-30_FY,2010-03-31_FY,2009-12-31_FY,2009-09-30_FY,2009-06-30_FY,2009-03-31_FY,2008-12-31_FY,2008-09-30_FY,2008-06-30_FY,2008-03-31_FY,2007-12-31_FY,2007-09-30_FY,2007-06-30_FY,2007-03-31_FY,2006-12-31_FY,2006-09-30_FY,2006-06-30_FY,2006-03-31_FY,2005-12-31_FY,2005-09-30_FY,2005-06-30_FY,2005-03-31_FY,2004-12-31_FY,2004-09-30_FY,2004-06-30_FY,2004-03-31_FY,2003-12-31_FY,2003-09-30_FY,2003-06-30_FY,2003-03-31_FY,2002-12-31_FY,2002-09-30_FY,2002-06-30_FY,2002-03-31_FY,2001-12-31_FY,2001-09-30_FY,2001-06-30_FY,2001-03-31_FY,2000-12-31_FY,2000-09-30_FY,2000-06-30_FY,2000-03-31_FY,1999-12-31_FY,1999-09-30_FY,1999-06-30_FY,1999-03-31_FY,1998-12-31_FY,1998-09-30_FY,1998-06-30_FY,1998-03-31_FY,1997-12-31_FY,1996-12-31_FY
,revenue,67826000000.0,17875000000.0,16924000000.0,15208000000.0,56771000000.0,14858000000.0,13276000000.0,12631000000.0,40786000000.0,12276000000.0,9444000000.0,6001000000.0,24411000000.0,6285000000.0,5973000000.0,5218000000.0,19913000000.0,5056000000.0,4923000000.0,4396000000.0,18364000000.0,4659000000.0,4673000000.0,4338000000.0,20830000000.0,4501000000.0,5148000000.0,4951000000.0,18697000000.0,4661000000.0,4425000000.0,4039000000.0,15921000000.0,4423000000.0,3963000000.0,3413000000.0,13988000000.0,3550000000.0,3376000000.0,3031000000.0,12082000000.0,2844000000.0,2549000000.0,2033000000.0,12868000000.0,3216000000.0,3436000000.0,3210000000.0,9343000000.0,2219000000.0,2125000000.0,1841000000.0,6897000000.0,1405000000.0,1405000000.0,1183000000.0,5256000000.0,1356000000.0,1150000000.0,974000000.0,4027000000.0,994000000.0,838000000.0,768000000.0,3370000000.0,835000000.0,728000000.0,667000000.0,3055032856.29895,691000000.0,727000000.0,703000000.0,771936827.723966,224000000.0,183000000.0,209000000.0,9019203161.72057,254000000.0,282000000.0,262000000.0,980935003.072504,197000000.0,218000000.0,211000000.0,1045271419.38,289000000.0,205000000.0,243000000.0,1165852218.72816,4500186043.49095
,costOfRevenue,52728000000.0,13910000000.0,13385000000.0,11585000000.0,45519000000.0,11967000000.0,10781000000.0,10091000000.0,32388000000.0,10034000000.0,7332000000.0,4387000000.0,17718000000.0,4590000000.0,4330000000.0,3648000000.0,14433000000.0,3740000000.0,3595000000.0,3006000000.0,13118000000.0,3467000000.0,3229000000.0,2990000000.0,13928000000.0,3230000000.0,3606000000.0,3420000000.0,13909000000.0,3420000000.0,3284000000.0,2864000000.0,11821000000.0,3418000000.0,2898000000.0,2519000000.0,10564000000.0,2660000000.0,2560000000.0,2251000000.0,7567000000.0,2325000000.0,1917000000.0,1273000000.0,8059000000.0,2169000000.0,2202000000.0,1890000000.0,5691000000.0,1310000000.0,1031000000.0,707000000.0,0.0,550000000.0,705000000.0,472000000.0,2950000000.0,805000000.0,538000000.0,547000000.0,2323000000.0,445000000.0,505000000.0,409000000.0,1935000000.0,545000000.0,452000000.0,388000000.0,1844416106.10363,400000000.0,460000000.0,417000000.0,389968086.282491,115000000.0,73000000.0,96000000.0,8223096960.987,97000000.0,95000000.0,98000000.0,0.0,75000000.0,86000000.0,102000000.0,0.0,187000000.0,93000000.0,127000000.0,0.0,0.0
,grossProfit,15098000000.0,3965000000.0,3539000000.0,3623000000.0,11252000000.0,2891000000.0,2495000000.0,2540000000.0,8398000000.0,2242000000.0,2112000000.0,1614000000.0,6693000000.0,1695000000.0,1643000000.0,1570000000.0,5480000000.0,1316000000.0,1328000000.0,1390000000.0,5246000000.0,1192000000.0,1444000000.0,1348000000.0,6902000000.0,1271000000.0,1542000000.0,1531000000.0,4788000000.0,1241000000.0,1141000000.0,1175000000.0,4100000000.0,1005000000.0,1065000000.0,894000000.0,3424000000.0,890000000.0,816000000.0,780000000.0,4515000000.0,519000000.0,632000000.0,760000000.0,4809000000.0,1047000000.0,1234000000.0,1320000000.0,3652000000.0,909000000.0,1094000000.0,1134000000.0,0.0,855000000.0,700000000.0,711000000.0,2306000000.0,551000000.0,612000000.0,427000000.0,1704000000.0,549000000.0,333000000.0,359000000.0,1435000000.0,290000000.0,276000000.0,279000000.0,1210616750.19532,291000000.0,267000000.0,286000000.0,381968741.441475,109000000.0,110000000.0,114000000.0,796106200.733578,103000000.0,99000000.0,90000000.0,0.0,122000000.0,132000000.0,109000000.0,0.0,102000000.0,112000000.0,117000000.0,0.0,0.0
,grossProfitRatio,0.222599003332056,0.221818181818182,0.209111321200662,0.238229879011047,0.198199785101548,0.194575312962714,0.187933112383248,0.201092550075212,0.20590398666209,0.182632779406973,0.223634053367217,0.268955174137644,0.274179673098193,0.269689737470167,0.275071153524192,0.300881563817555,0.275197107417265,0.260284810126582,0.269754214909608,0.316196542311192,0.285667610542366,0.255848894612578,0.30900920179756,0.310742277547257,0.331349015842535,0.282381692957121,0.2995337995338,0.309230458493234,0.256083863721453,0.266251877279554,0.257853107344633,0.290913592473384,0.25752151246781,0.227221342979878,0.268735806207419,0.261939642543217,0.244781241063769,0.250704225352113,0.241706161137441,0.257340811613329,0.37369640787949,0.182489451476793,0.247940368772067,0.373831775700935,0.373717749456015,0.325559701492537,0.359138533178114,0.411214953271028,0.390880873381141,0.409643983776476,0.514823529411765,0.615969581749049,0.0,0.608540925266904,0.498220640569395,0.601014370245139,0.438736681887367,0.406342182890855,0.532173913043478,0.438398357289528,0.423143779488453,0.552313883299799,0.397374701670644,0.467447916666667,0.425816023738872,0.347305389221557,0.379120879120879,0.418290854572714,0.396269633467032,0.421128798842258,0.36726272352132,0.406827880512091,0.494818653189146,0.486607142857143,0.601092896174863,0.545454545454545,0.0882679086454581,0.405511811023622,0.351063829787234,0.343511450381679,0.0,0.619289340101523,0.605504587155963,0.516587677725118,0.0,0.352941176470588,0.546341463414634,0.481481481481481,0.0,0.0
,,,,,,,,,,,,,,,,,,,,,,,,,,,,,,,,,,,,,,,,,,,,,,,,,,,,,,,,,,,,,,,,,,,,,,,,,,,,,,,,,,,,,,,,,,,,,,,,,,,,,
COST And EXPENSES,,,,,,,,,,,,,,,,,,,,,,,,,,,,,,,,,,,,,,,,,,,,,,,,,,,,,,,,,,,,,,,,,,,,,,,,,,,,,,,,,,,,,,,,,,,,,,,,,,,,,
,ResearchAndDevelopmentExpenses,0.0,0.0,0.0,0.0,0.0,0.0,0.0,0.0,0.0,0.0,0.0,0.0,0.0,0.0,0.0,0.0,0.0,0.0,0.0,0.0,0.0,0.0,0.0,0.0,0.0,0.0,0.0,0.0,0.0,0.0,0.0,0.0,0.0,0.0,0.0,0.0,0.0,0.0,0.0,0.0,0.0,0.0,0.0,0.0,0.0,0.0,0.0,0.0,0.0,0.0,0.0,0.0,0.0,0.0,0.0,0.0,0.0,0.0,0.0,0.0,0.0,0.0,0.0,0.0,0.0,0.0,0.0,0.0,0.0,0.0,0.0,0.0,0.0,0.0,0.0,0.0,0.0,0.0,0.0,0.0,0.0,0.0,0.0,0.0,0.0,0.0,0.0,0.0,0.0,0.0
,GeneralAndAdministrativeExpenses,0.0,23000000.0,23000000.0,26000000.0,0.0,25000000.0,24000000.0,27000000.0,0.0,24000000.0,20000000.0,25000000.0,0.0,20000000.0,25000000.0,23000000.0,0.0,25000000.0,29000000.0,29000000.0,0.0,27000000.0,33000000.0,33000000.0,0.0,36000000.0,36000000.0,44000000.0,0.0,41000000.0,35000000.0,42000000.0,0.0,115000000.0,116000000.0,112000000.0,0.0,94000000.0,109000000.0,93000000.0,0.0,87000000.0,91000000.0,96000000.0,0.0,167000000.0,148000000.0,165000000.0,0.0,108000000.0,105000000.0,110000000.0,0.0,70000000.0,84000000.0,71000000.0,0.0,60000000.0,39000000.0,65000000.0,0.0,22000000.0,13000000.0,18000000.0,0.0,16000000.0,19000000.0,14000000.0,0.0,12000000.0,14000000.0,13000000.0,6999427.128482,3000000.0,5000000.0,3000000.0,405054034.011337,14000000.0,45000000.0,35000000.0,0.0,3000000.0,12000000.0,5000000.0,0.0,1000000.0,8000000.0,8000000.0,0.0,0.0
,SellingAndMarketingExpenses,0.0,0.0,0.0,0.0,0.0,0.0,0.0,0.0,0.0,0.0,0.0,0.0,0.0,0.0,0.0,0.0,0.0,0.0,0.0,0.0,0.0,0.0,0.0,0.0,0.0,0.0,0.0,0.0,0.0,0.0,0.0,0.0,0.0,0.0,0.0,0.0,0.0,0.0,0.0,0.0,0.0,0.0,0.0,0.0,0.0,0.0,0.0,0.0,0.0,0.0,0.0,0.0,0.0,0.0,0.0,0.0,0.0,0.0,0.0,0.0,0.0,0.0,0.0,0.0,0.0,0.0,0.0,0.0,0.0,0.0,0.0,0.0,0.0,0.0,0.0,0.0,0.0,0.0,0.0,0.0,0.0,0.0,0.0,0.0,0.0,0.0,0.0,0.0,0.0,0.0
,otherExpenses,-389000000.0,-51000000.0,-889000000.0,-32000000.0,1062000000.0,-144000000.0,-95000000.0,-342000000.0,1085000000.0,29000000.0,0.0,-265000000.0,390000000.0,-325000000.0,-31000000.0,-35000000.0,39000000.0,-133000000.0,-12000000.0,0.0,67000000.0,7000000.0,-162000000.0,-35000000.0,373000000.0,-1200000000.0,0.0,0.0,-158000000.0,0.0,0.0,0.0,0.0,0.0,0.0,0.0,0.0,0.0,0.0,0.0,0.0,0.0,0.0,334000000.0,0.0,-104000000.0,46000000.0,63000000.0,0.0,33000000.0,-11000000.0,-5000000.0,0.0,-4000000.0,-75000000.0,-20000000.0,0.0,0.0,0.0,0.0,0.0,0.0,0.0,0.0,0.0,0.0,0.0,0.0,0.0,0.0,0.0,0.0,0.0,0.0,0.0,0.0,0.0,0.0,0.0,0.0,0.0,0.0,0.0,0.0,0.0,0.0,0.0,0.0,0.0,0.0
,operatingExpenses,4876000000.0,2389000000.0,2596000000.0,2131000000.0,3102000000.0,1806000000.0,492000000.0,532000000.0,2345000000.0,991000000.0,1035000000.0,971000000.0,2020000000.0,666000000.0,825000000.0,732000000.0,1695000000.0,326000000.0,497000000.0,-249000000.0,1470000000.0,45000000.0,-460000000.0,11000000.0,15535000000.0,15535000000.0,15535000000.0,15535000000.0,1263000000.0,212000000.0,779000000.0,263000000.0,1482000000.0,199000000.0,-487000000.0,287000000.0,1212000000.0,474000000.0,457000000.0,314000000.0,1664000000.0,1270000000.0,1204000000.0,1403000000.0,1963000000.0,769000000.0,1106000000.0,1124000000.0,1498000000.0,833000000.0,846000000.0,854000000.0,933000000.0,538000000.0,442000000.0,447000000.0,661000000.0,-393000000.0,-149000000.0,218000000.0,334000000.0,183000000.0,187000000.0,170000000.0,237000000.0,190000000.0,213000000.0,223000000.0,174944617.006816,233000000.0,195000000.0,222000000.0,30997463.535974,64000000.0,41000000.0,55000000.0,405054034.011337,85000000.0,117000000.0,104000000.0,387579207.086783,61000000.0,83000000.0,71000000.0,520120620.003899,69000000.0,70000000.0,73000000.0,652357754.018169,0.0
,costAndExpenses,57604000000.0,16299000000.0,15981000000.0,13716000000.0,48621000000.0,13773000000.0,11273000000.0,10623000000.0,34733000000.0,11025000000.0,8367000000.0,5358000000.0,19738000000.0,5256000000.0,5155000000.0,4380000000.0,16128000000.0,4066000000.0,4092000000.0,2757000000.0,14588000000.0,3512000000.0,2769000000.0,3001000000.0,15383000000.0,2742000000.0,3976000000.0,4157000000.0,15172000000.0,3632000000.0,4063000000.0,3127000000.0,13303000000.0,3617000000.0,2411000000.0,2806000000.0,11776000000.0,3134000000.0,3017000000.0,2565000000.0,9231000000.0,3595000000.0,3121000000.0,2676000000.0,10022000000.0,2938000000.0,3308000000.0,3014000000.0,7189000000.0,2143000000.0,1877000000.0,1561000000.0,933000000.0,1088000000.0,1147000000.0,919000000.0,3611000000.0,412000000.0,389000000.0,765000000.0,2657000000.0,628000000.0,692000000.0,579000000.0,2172000000.0,735000000.0,665000000.0,611000000.0,2019360723.11044,633000000.0,655000000.0,639000000.0,420965549.818465,179000000.0,114000000.0,151000000.0,8628150994.99833,182000000.0,212000000.0,202000000.0,387579207.086783,136000000.0,169000000.0,173000000.0,520120620.003899,256000000.0,163000000.0,200000000.0,652357754.018169,0.0
,interestExpense,7227000000.0,0.0,0.0,0.0,4854000000.0,0.0,0.0,0.0,3608000000.0,0.0,0.0,0.0,3233000000.0,0.0,0.0,0.0,2820000000.0,0.0,0.0,0.0,2579000000.0,0.0,0.0,0.0,2553000000.0,0.0,0.0,0.0,2497000000.0,0.0,0.0,0.0,2352000000.0,0.0,0.0,0.0,1829000000.0,0.0,0.0,0.0,1784000000.0,0.0,0.0,0.0,1984000000.0,0.0,0.0,0.0,0.0,0.0,0.0,0.0,0.0,0.0,0.0,0.0,0.0,0.0,0.0,0.0,0.0,0.0,0.0,0.0,0.0,0.0,0.0,0.0,0.0,0.0,0.0,0.0,0.0,0.0,0.0,0.0,0.0,0.0,0.0,0.0,0.0,0.0,0.0,0.0,0.0,0.0,0.0,140000000.0,0.0,0.0
,,,,,,,,,,,,,,,,,,,,,,,,,,,,,,,,,,,,,,,,,,,,,,,,,,,,,,,,,,,,,,,,,,,,,,,,,,,,,,,,,,,,,,,,,,,,,,,,,,,,,
EBITDA,,,,,,,,,,,,,,,,,,,,,,,,,,,,,,,,,,,,,,,,,,,,,,,,,,,,,,,,,,,,,,,,,,,,,,,,,,,,,,,,,,,,,,,,,,,,,,,,,,,,,
,depreciationAndAmortization,4876000000.0,3567000000.0,2268000000.0,1034000000.0,3102000000.0,2175000000.0,1342000000.0,670000000.0,2345000000.0,1755000000.0,1112000000.0,499000000.0,2020000000.0,1538000000.0,997000000.0,481000000.0,1695000000.0,1265000000.0,829000000.0,401000000.0,1470000000.0,1100000000.0,747000000.0,376000000.0,1455000000.0,1095000000.0,738000000.0,365000000.0,1263000000.0,911000000.0,584000000.0,297000000.0,904000000.0,676000000.0,452000000.0,221000000.0,795000000.0,580000000.0,387000000.0,179000000.0,1275000000.0,483000000.0,322000000.0,185000000.0,1330000000.0,975000000.0,642000000.0,314000000.0,1034000000.0,740000000.0,490000000.0,223000000.0,600000000.0,367000000.0,231000000.0,104000000.0,374000000.0,271000000.0,169000000.0,77000000.0,251000000.0,172000000.0,112000000.0,56000000.0,149000000.0,0.0,0.0,0.0,118962339.691674,0.0,0.0,0.0,23998036.407493,0.0,0.0,0.0,31004136.045348,0.0,0.0,0.0,0.0,0.0,0.0,0.0,0.0,0.0,0.0,0.0,0.0,0.0
,EBITDA,15098000000.0,5143000000.0,3211000000.0,2526000000.0,11252000000.0,3260000000.0,3345000000.0,2678000000.0,8398000000.0,3006000000.0,2189000000.0,1142000000.0,6693000000.0,2567000000.0,1815000000.0,1319000000.0,5480000000.0,2255000000.0,1660000000.0,2040000000.0,5246000000.0,2247000000.0,2651000000.0,1713000000.0,6902000000.0,2854000000.0,1910000000.0,1159000000.0,4788000000.0,1940000000.0,946000000.0,1209000000.0,3522000000.0,1482000000.0,2004000000.0,828000000.0,3007000000.0,996000000.0,746000000.0,645000000.0,4126000000.0,-268000000.0,-250000000.0,-458000000.0,4176000000.0,1253000000.0,770000000.0,510000000.0,3188000000.0,816000000.0,738000000.0,503000000.0,6564000000.0,684000000.0,489000000.0,368000000.0,2019000000.0,1215000000.0,930000000.0,286000000.0,1621000000.0,538000000.0,258000000.0,245000000.0,1347000000.0,100000000.0,63000000.0,56000000.0,1154634472.88018,58000000.0,72000000.0,64000000.0,374969314.312994,45000000.0,69000000.0,58000000.0,422056302.767589,72000000.0,70000000.0,239000000.0,593355795.985721,61000000.0,49000000.0,38000000.0,525150799.376097,33000000.0,42000000.0,323000000.0,286717726.065688,4500186043.49095
,EBITDARatio,0.222599003332056,0.28772027972028,0.189730560151264,0.166096791162546,0.198199785101548,0.219410418629694,0.251958421211208,0.21201805082733,0.20590398666209,0.244868035190616,0.231787378229564,0.190301616397267,0.274179673098193,0.40843277645187,0.303867403314917,0.252778842468379,0.275197107417265,0.446004746835443,0.33719276863701,0.464058234758872,0.285667610542366,0.482292337411462,0.567301519366574,0.394882434301521,0.331349015842535,0.634081315263275,0.371017871017871,0.234094122399515,0.256083863721453,0.416219695344347,0.213785310734463,0.299331517702402,0.221217260222348,0.335066696812118,0.505677517032551,0.242601816583651,0.214969974263655,0.28056338028169,0.220971563981043,0.212801055757176,0.341499751696739,-0.0942334739803094,-0.0980776775205963,-0.225282833251353,0.324525955859496,0.389614427860696,0.224097788125728,0.158878504672897,0.341218024189233,0.367733213159081,0.347294117647059,0.273221075502444,0.951718138321009,0.486832740213523,0.348042704626335,0.311073541842773,0.384132420091324,0.896017699115044,0.808695652173913,0.293634496919918,0.402532902905389,0.541247484909457,0.307875894988067,0.319010416666667,0.399703264094955,0.11976,0.086538,0.083958,0.377945026188352,0.083936,0.099037,0.091038,0.485751295761572,0.200893,0.377049,0.277512,0.0467952983428609,0.283465,0.248227,0.912214,0.604887983533262,0.309645,0.224771,0.180095,0.502406159433299,0.114187,0.204878,1.329218,0.245929734026214,1.0
,,,,,,,,,,,,,,,,,,,,,,,,,,,,,,,,,,,,,,,,,,,,,,,,,,,,,,,,,,,,,,,,,,,,,,,,,,,,,,,,,,,,,,,,,,,,,,,,,,,,,
INCOME,,,,,,,,,,,,,,,,,,,,,,,,,,,,,,,,,,,,,,,,,,,,,,,,,,,,,,,,,,,,,,,,,,,,,,,,,,,,,,,,,,,,,,,,,,,,,,,,,,,,,
,operatingIncome,10222000000.0,1576000000.0,943000000.0,1492000000.0,8150000000.0,1085000000.0,2003000000.0,2008000000.0,6053000000.0,1251000000.0,1077000000.0,643000000.0,4673000000.0,1029000000.0,818000000.0,838000000.0,3785000000.0,990000000.0,831000000.0,1639000000.0,3776000000.0,1147000000.0,1904000000.0,1337000000.0,5447000000.0,1759000000.0,1172000000.0,794000000.0,3525000000.0,1029000000.0,362000000.0,912000000.0,2618000000.0,806000000.0,1552000000.0,607000000.0,2212000000.0,416000000.0,359000000.0,466000000.0,2851000000.0,-751000000.0,-572000000.0,-643000000.0,2846000000.0,278000000.0,128000000.0,196000000.0,2154000000.0,76000000.0,248000000.0,280000000.0,5964000000.0,317000000.0,258000000.0,264000000.0,1645000000.0,944000000.0,761000000.0,209000000.0,1370000000.0,366000000.0,146000000.0,189000000.0,1198000000.0,100000000.0,63000000.0,56000000.0,1035672133.18851,58000000.0,72000000.0,64000000.0,350971277.905501,45000000.0,69000000.0,58000000.0,391052166.722241,72000000.0,70000000.0,60000000.0,593355795.985721,61000000.0,49000000.0,38000000.0,525150799.376097,33000000.0,42000000.0,43000000.0,513494464.709993,4500186043.49095
,operatingIncomeRatio,0.150709167575856,0.0881678321678322,0.0557196880170173,0.0981062598632299,0.143559211569287,0.0730246331942388,0.15087375715577,0.158973952972845,0.148408767714412,0.101906158357771,0.114040660736976,0.107148808531911,0.191430092990865,0.163723150357995,0.136949606562866,0.160597930241472,0.190076834228896,0.195806962025316,0.168799512492383,0.372838944494995,0.205619690699194,0.246190169564284,0.407447036165204,0.308206546795758,0.261497839654345,0.390802043990224,0.227661227661228,0.160371642092507,0.188532919719741,0.220768075520275,0.0818079096045198,0.225798464966576,0.164436907229445,0.182229256160977,0.391622508200858,0.177849399355406,0.158135544752645,0.117183098591549,0.106338862559242,0.153744638733091,0.235970865750704,-0.264064697609001,-0.224401726167124,-0.316281357599607,0.221168790798881,0.0864427860696517,0.0372526193247963,0.0610591900311526,0.230546933533126,0.0342496620099144,0.116705882352941,0.152091254752852,0.864723792953458,0.225622775800712,0.183629893238434,0.223161453930685,0.312975646879756,0.696165191740413,0.661739130434783,0.214579055441478,0.340203625527688,0.368209255533199,0.174224343675418,0.24609375,0.355489614243323,0.119760479041916,0.0865384615384615,0.0839580209895052,0.339005235591208,0.0839363241678727,0.0990371389270977,0.0910384068278805,0.45466321245526,0.200892857142857,0.377049180327869,0.277511961722488,0.0433577290266561,0.283464566929134,0.24822695035461,0.229007633587786,0.604887983533262,0.309644670050761,0.224770642201835,0.180094786729858,0.502406159433299,0.114186851211073,0.204878048780488,0.176954732510288,0.440445586894511,1.0
,totalOtherIncomeExpensesNet,2854000000.0,-51000000.0,-889000000.0,-32000000.0,3944000000.0,-144000000.0,-95000000.0,-342000000.0,2719000000.0,29000000.0,0.0,-265000000.0,1553000000.0,-325000000.0,-31000000.0,-35000000.0,3900000000.0,-133000000.0,-12000000.0,0.0,5335000000.0,7000000.0,-162000000.0,-35000000.0,1795000000.0,-1200000000.0,0.0,0.0,2235000000.0,0.0,0.0,0.0,3819000000.0,0.0,0.0,0.0,2952000000.0,0.0,0.0,0.0,-370000000.0,0.0,0.0,334000000.0,-313000000.0,-104000000.0,46000000.0,63000000.0,673000000.0,33000000.0,-11000000.0,-5000000.0,602000000.0,-4000000.0,-75000000.0,-20000000.0,1900000000.0,0.0,0.0,0.0,345000000.0,0.0,0.0,0.0,65000000.0,0.0,0.0,0.0,-179943034.726325,0.0,0.0,0.0,79993453.435345,0.0,0.0,0.0,251033487.829276,0.0,0.0,0.0,0.0,0.0,0.0,0.0,0.0,0.0,0.0,0.0,226776738.644305,0.0
,incomeBeforeTax,5849000000.0,1576000000.0,943000000.0,1492000000.0,7240000000.0,1085000000.0,2003000000.0,2008000000.0,5164000000.0,1251000000.0,1077000000.0,643000000.0,2993000000.0,1029000000.0,818000000.0,838000000.0,4865000000.0,990000000.0,831000000.0,1639000000.0,6532000000.0,1147000000.0,1904000000.0,1337000000.0,4689000000.0,1759000000.0,1172000000.0,794000000.0,3263000000.0,1029000000.0,362000000.0,912000000.0,4085000000.0,806000000.0,1552000000.0,607000000.0,3335000000.0,416000000.0,359000000.0,466000000.0,1995000000.0,-751000000.0,-572000000.0,-643000000.0,2331000000.0,278000000.0,128000000.0,196000000.0,943000000.0,76000000.0,248000000.0,280000000.0,1515000000.0,317000000.0,258000000.0,264000000.0,2148000000.0,944000000.0,761000000.0,209000000.0,606000000.0,366000000.0,146000000.0,189000000.0,573000000.0,100000000.0,63000000.0,56000000.0,186940819.152518,58000000.0,72000000.0,64000000.0,190984370.406663,45000000.0,69000000.0,58000000.0,360048030.676892,72000000.0,70000000.0,60000000.0,321650785.387308,61000000.0,49000000.0,38000000.0,285714228.244622,33000000.0,42000000.0,183000000.0,478528888.190077,0.0
,incomeBeforeTaxRatio,0.0862353669684192,0.0881678321678322,0.0557196880170173,0.0981062598632299,0.127529900829649,0.0730246331942388,0.15087375715577,0.158973952972845,0.126612072770068,0.101906158357771,0.114040660736976,0.107148808531911,0.122608660030314,0.163723150357995,0.136949606562866,0.160597930241472,0.244312760508211,0.195806962025316,0.168799512492383,0.372838944494995,0.35569592681333,0.246190169564284,0.407447036165204,0.308206546795758,0.225108017282765,0.390802043990224,0.227661227661228,0.160371642092507,0.174519976466813,0.220768075520275,0.0818079096045198,0.225798464966576,0.256579360592928,0.182229256160977,0.391622508200858,0.177849399355406,0.238418644552474,0.117183098591549,0.106338862559242,0.153744638733091,0.165121668597914,-0.264064697609001,-0.224401726167124,-0.316281357599607,0.18114703139571,0.0864427860696517,0.0372526193247963,0.0610591900311526,0.100931178422348,0.0342496620099144,0.116705882352941,0.152091254752852,0.219660722053067,0.225622775800712,0.183629893238434,0.223161453930685,0.408675799086758,0.696165191740413,0.661739130434783,0.214579055441478,0.150484231437795,0.368209255533199,0.174224343675418,0.24609375,0.170029673590504,0.119760479041916,0.0865384615384615,0.0839580209895052,0.0611910993909864,0.0839363241678727,0.0990371389270977,0.0910384068278805,0.247409326187708,0.200892857142857,0.377049180327869,0.277511961722488,0.0399201597104512,0.283464566929134,0.24822695035461,0.229007633587786,0.327902240596805,0.309644670050761,0.224770642201835,0.180094786729858,0.273339749798281,0.114186851211073,0.204878048780488,0.753086419753086,0.410454155769509,0.0
,incomeTaxExpense,495000000.0,-180000000.0,239000000.0,236000000.0,-248000000.0,144000000.0,339000000.0,153000000.0,613000000.0,259000000.0,119000000.0,125000000.0,-345000000.0,-992000000.0,234000000.0,202000000.0,196000000.0,145000000.0,-368000000.0,201000000.0,1323000000.0,38000000.0,346000000.0,494000000.0,845000000.0,264000000.0,370000000.0,97000000.0,516000000.0,154000000.0,-17000000.0,190000000.0,411000000.0,90000000.0,124000000.0,37000000.0,140000000.0,74000000.0,-14000000.0,57000000.0,-24000000.0,-179000000.0,-62000000.0,-40000000.0,461000000.0,107000000.0,18000000.0,-1000000.0,156000000.0,-17000000.0,95000000.0,85000000.0,345000000.0,72000000.0,123000000.0,85000000.0,486000000.0,208000000.0,151000000.0,44000000.0,239000000.0,233000000.0,-44000000.0,44000000.0,165000000.0,0.0,0.0,0.0,103967086.533148,0.0,0.0,0.0,-3999672.734582,0.0,0.0,0.0,101013475.158386,0.0,0.0,0.0,29967464.597157,0.0,0.0,0.0,16096576.330669,0.0,0.0,0.0,44955740.740741,0.0
,netIncome,2807000000.0,947000000.0,399000000.0,615000000.0,3584000000.0,163000000.0,680000000.0,857000000.0,1462000000.0,228000000.0,225000000.0,-37000000.0,1651000000.0,1036000000.0,185000000.0,257000000.0,2341000000.0,289000000.0,645000000.0,729000000.0,3110000000.0,734000000.0,785000000.0,541000000.0,2120000000.0,813000000.0,230000000.0,360000000.0,1380000000.0,334000000.0,138000000.0,416000000.0,1957000000.0,253000000.0,838000000.0,278000000.0,1454000000.0,112000000.0,89000000.0,164000000.0,454000000.0,-417000000.0,-342000000.0,-292000000.0,649000000.0,171000000.0,110000000.0,197000000.0,787000000.0,93000000.0,153000000.0,195000000.0,1170000000.0,245000000.0,135000000.0,179000000.0,1662000000.0,736000000.0,610000000.0,165000000.0,688000000.0,133000000.0,190000000.0,145000000.0,408000000.0,100000000.0,63000000.0,56000000.0,82973732.61937,58000000.0,72000000.0,64000000.0,194984043.141245,45000000.0,69000000.0,58000000.0,432057636.545515,72000000.0,70000000.0,239000000.0,291683320.790151,61000000.0,49000000.0,38000000.0,269617651.913953,33000000.0,42000000.0,183000000.0,433573147.449336,187003575.598365
,netIncomeRatio,0.0413853094683455,0.052979020979021,0.0235759867643583,0.0404392425039453,0.0631308238361135,0.0109705209314847,0.0512202470623682,0.0678489430765577,0.035845633305546,0.0185728250244379,0.0238246505717916,-0.00616563906015664,0.0676334439392077,0.164836913285601,0.0309727105307216,0.0492525871981602,0.117561392055441,0.0571598101265823,0.131017672151127,0.165832575068244,0.169353082117186,0.157544537454389,0.167986304301305,0.124711848778239,0.101776284205473,0.180626527438347,0.0446775446775447,0.0727125833165017,0.0738086324009199,0.071658442394336,0.0311864406779661,0.102995791037385,0.122919414609635,0.0572009947999096,0.211455967701236,0.0814532669205977,0.103946239633972,0.0315492957746479,0.0263625592417062,0.0541075552622897,0.0375765601721569,-0.14662447257384,-0.134170262848176,-0.143630103295622,0.0504351880634131,0.0531716417910448,0.0320139697322468,0.0613707165109034,0.0842341860216205,0.0419107706173952,0.072,0.105920695274307,0.169638973466725,0.174377224199288,0.096085409252669,0.151310228233305,0.3162100456621,0.542772861356932,0.530434782608696,0.169404517453799,0.170846784206605,0.133802816901408,0.22673031026253,0.188802083333333,0.12106824925816,0.119760479041916,0.0865384615384615,0.0839580209895052,0.0271596858437357,0.0839363241678727,0.0990371389270977,0.0910384068278805,0.252590673405426,0.200892857142857,0.377049180327869,0.277511961722488,0.0479041916229651,0.283464566929134,0.24822695035461,0.912213740458015,0.297352342282144,0.309644670050761,0.224770642201835,0.180094786729858,0.257940327186863,0.114186851211073,0.204878048780488,0.753086419753086,0.371893744751221,0.041554632139897
,,,,,,,,,,,,,,,,,,,,,,,,,,,,,,,,,,,,,,,,,,,,,,,,,,,,,,,,,,,,,,,,,,,,,,,,,,,,,,,,,,,,,,,,,,,,,,,,,,,,,
EPS,,,,,,,,,,,,,,,,,,,,,,,,,,,,,,,,,,,,,,,,,,,,,,,,,,,,,,,,,,,,,,,,,,,,,,,,,,,,,,,,,,,,,,,,,,,,,,,,,,,,,
,EPS,1.773333,0.64422,0.18128,0.28031,2.313333,0.07409,0.30994,0.39043,0.913333,0.155,0.15327,-0.02573,1.053333,0.7062,0.12628,0.17579,1.546667,0.1958,0.43878,0.50801,2.128889,0.51509,0.55282,0.38072,1.426667,0.57254,0.16118,0.24931,0.897778,0.23003,0.09691,0.28223,1.333333,0.1727,0.57437,0.19468,1.066667,0.08524,0.06778,0.1251,0.32,-0.32003,-0.26573,-0.22671,0.462222,0.12771,0.08215,0.14712,0.564444,0.06879,0.11317,0.13627,0.868148,0.18243,0.10052,0.13358,1.238519,0.5464,0.4354,0.12061,0.48,0.10358,0.14949,0.105,0.312843187011297,0.04146,0.04694,0.04046,0.0636219778207522,0.04105,0.05063,0.04816,0.127388,0.03462,0.05247,0.04309,0.299469,0.05492,0.05197,0.17561,0.200005,0.04016,0.03155,0.0233,0.180294,0.0207,0.02879,0.13062,0.30813,0.134546
,EPSDiluted,1.733333,0.64422,0.18128,0.28031,2.266667,0.07409,0.30994,0.39043,0.893333,0.155,0.15327,-0.02573,1.033333,0.7062,0.12628,0.17579,1.506667,0.1958,0.43878,0.50801,2.075556,0.51509,0.55282,0.38072,1.386667,0.57254,0.16118,0.24931,0.875556,0.23003,0.09691,0.28223,1.284444,0.1727,0.57437,0.19468,1.035556,0.08524,0.06778,0.1251,0.315556,-0.32003,-0.26573,-0.22671,0.453333,0.12771,0.08215,0.14712,0.551111,0.06879,0.11317,0.13627,0.844444,0.18243,0.10052,0.13358,1.208889,0.5464,0.4354,0.12061,0.470123,0.10358,0.14949,0.105,0.295653999683613,0.04146,0.04694,0.04046,0.0601262645039102,0.04105,0.05063,0.04816,0.125733,0.03462,0.05247,0.04309,0.299469,0.05492,0.05197,0.17561,-0.134694,0.04016,0.03155,0.0233,0.180294,0.0207,0.02879,0.13062,0.30813,0.134546
,weightedAverageShsOut,1452900000.0,1470000000.0,2201000000.0,2194000000.0,1436400000.0,2200000000.0,2194000000.0,2195000000.0,1438200000.0,1471000000.0,1468000000.0,1438000000.0,1438500000.0,1467000000.0,1465000000.0,1462000000.0,1513577586.0,1476000000.0,1470000000.0,1435000000.0,1387575000.0,1425000000.0,1420000000.0,1421000000.0,1485981308.0,1420000000.0,1427000000.0,1444000000.0,1537128713.0,1452000000.0,1424000000.0,1474000000.0,1467750000.0,1465000000.0,1459000000.0,1428000000.0,1293525000.0,1314000000.0,1313000000.0,1311000000.0,1287450000.0,1303000000.0,1287000000.0,1288000000.0,1307475000.0,1339000000.0,1339000000.0,1339000000.0,1394291339.0,1352000000.0,1352000000.0,1431000000.0,1347696246.0,1343000000.0,1343000000.0,1340000000.0,1341925837.0,1347000000.0,1401000000.0,1368000000.0,1433333333.0,1284000000.0,1271000000.0,1381000000.0,1304167765.0,2412000000.0,1342000000.0,1384000000.0,1304167765.0,1413000000.0,1422000000.0,1329000000.0,1318702789.0,1300000000.0,1315000000.0,1346000000.0,1372613125.0,1311000000.0,1347000000.0,1361000000.0,1349771349.0,1519000000.0,1553000000.0,1631000000.0,1355936862.0,1594000000.0,1459000000.0,1401000000.0,1342269403.0,1389882912.0
,weightedAverageShsOutDil,1488450000.0,1470000000.0,2201000000.0,2194000000.0,1466100000.0,2200000000.0,2194000000.0,2195000000.0,1470000000.0,1471000000.0,1468000000.0,1438000000.0,1464900000.0,1467000000.0,1465000000.0,1462000000.0,1553761062.0,1476000000.0,1470000000.0,1435000000.0,1425600000.0,1425000000.0,1420000000.0,1421000000.0,1528846154.0,1420000000.0,1427000000.0,1444000000.0,1576142132.0,1452000000.0,1424000000.0,1474000000.0,1523615917.0,1465000000.0,1459000000.0,1428000000.0,1366875000.0,1314000000.0,1313000000.0,1311000000.0,1305675000.0,1303000000.0,1287000000.0,1288000000.0,1331775000.0,1339000000.0,1339000000.0,1339000000.0,1428024194.0,1352000000.0,1352000000.0,1431000000.0,1385526316.0,1343000000.0,1343000000.0,1340000000.0,1374816176.0,1347000000.0,1401000000.0,1368000000.0,1463445378.0,1284000000.0,1271000000.0,1381000000.0,1379991478.0,2412000000.0,1342000000.0,1384000000.0,1379991478.0,1413000000.0,1422000000.0,1329000000.0,1336054142.0,1300000000.0,1315000000.0,1346000000.0,1372613125.0,1311000000.0,1347000000.0,1361000000.0,1349771349.0,1519000000.0,1553000000.0,1631000000.0,1355936862.0,1594000000.0,1459000000.0,1401000000.0,1342269403.0,1389882912.0
