date,,2020-12-31_FY,2019-12-31_FY,2018-12-31_FY,2017-12-31_FY,2016-12-31_FY,2015-12-31_FY,2014-12-31_FY,2013-12-31_FY,2012-12-31_FY,2011-12-31_FY,2010-12-31_FY,2009-12-31_FY,2008-12-31_FY,2007-12-31_FY,2006-12-31_FY,2005-12-31_FY,2004-12-31_FY,2003-12-31_FY,2002-12-31_FY,2001-12-31_FY,2000-12-31_FY,1999-12-31_FY,1998-12-31_FY,1997-12-31_FY,1996-12-31_FY,1995-12-31_FY,1994-12-31_FY
,revenue,3690900000.0,3683200000.0,3488900000.0,3347000000.0,3020600000.0,3061400000.0,3562300000.0,3942200000.0,3842100000.0,3885500000.0,3121500000.0,3135000000.0,3163500000.0,3219000000.0,2837600000.0,2549000000.0,4718100000.0,3998600000.0,3776700000.0,3624200000.0,3834112000.0,4089200000.0,1451300000.0,1101400000.0,909800000.0,788400000.0,2667275000.0
,costOfRevenue,2877300000.0,2832100000.0,2703300000.0,2608200000.0,2424800000.0,2471600000.0,2948200000.0,3197100000.0,3118500000.0,3174300000.0,2536400000.0,2534500000.0,2505100000.0,2450800000.0,2176100000.0,2041800000.0,3964200000.0,3404200000.0,3164000000.0,3090600000.0,3264238000.0,3333400000.0,1021300000.0,753700000.0,632500000.0,556700000.0,771586000.0
,grossProfit,813600000.0,851100000.0,785600000.0,738800000.0,595800000.0,589800000.0,614100000.0,745100000.0,723600000.0,711200000.0,585100000.0,600500000.0,658400000.0,768200000.0,661500000.0,507200000.0,753900000.0,594400000.0,612700000.0,533600000.0,569874000.0,755800000.0,430000000.0,347700000.0,277300000.0,231700000.0,1895689000.0
,grossProfitRatio,0.220434040477932,0.231076238053866,0.225171257416378,0.220734986555124,0.197245580348275,0.192656954334618,0.172388625326334,0.189006138704277,0.188334504567814,0.183039505855102,0.187441934967163,0.191547049441786,0.208123913387071,0.238645542093818,0.23311953763744,0.198979992153786,0.159788898073377,0.148652028209873,0.162231577832499,0.147232492688042,0.148632590805902,0.18482832827937,0.296286088334597,0.315689122934447,0.304792262035612,0.29388635210553,0.710721241716733
,,,,,,,,,,,,,,,,,,,,,,,,,,,,,,,,,,,,,,,,,,,,,,,,,,,,,,,,,,,,,,,,,,,,,,,,,,,,,,,,,,,,,,,,,,,,,,,,,,,,,
COST And EXPENSES,,,,,,,,,,,,,,,,,,,,,,,,,,,,,,,,,,,,,,,,,,,,,,,,,,,,,,,,,,,,,,,,,,,,,,,,,,,,,,,,,,,,,,,,,,,,,,,,,,,,,
,ResearchAndDevelopmentExpenses,0.0,0.0,0.0,0.0,0.0,0.0,0.0,0.0,0.0,0.0,0.0,0.0,0.0,0.0,0.0,0.0,0.0,0.0,0.0,0.0,0.0,0.0,0.0,0.0,0.0,0.0,0.0
,GeneralAndAdministrativeExpenses,0.0,0.0,0.0,468200000.0,0.0,0.0,0.0,0.0,0.0,0.0,0.0,0.0,0.0,0.0,0.0,0.0,0.0,0.0,0.0,445600000.0,477759000.0,520300000.0,207300000.0,160700000.0,130800000.0,112100000.0,244330000.0
,SellingAndMarketingExpenses,0.0,0.0,0.0,0.0,0.0,0.0,0.0,0.0,0.0,0.0,0.0,0.0,0.0,0.0,0.0,0.0,0.0,0.0,0.0,0.0,0.0,0.0,0.0,0.0,0.0,0.0,0.0
,otherExpenses,-42800000.0,-55300000.0,-42000000.0,-49400000.0,-1300000.0,-500000.0,-500000.0,-500000.0,-700000.0,0.0,0.0,0.0,0.0,0.0,0.0,0.0,0.0,0.0,0.0,0.0,0.0,0.0,0.0,0.0,0.0,0.0,0.0
,operatingExpenses,580600000.0,601500000.0,506700000.0,463300000.0,427200000.0,460100000.0,558100000.0,561800000.0,558800000.0,539900000.0,429300000.0,433700000.0,429900000.0,494200000.0,460900000.0,391800000.0,564000000.0,494600000.0,480000000.0,423200000.0,477759000.0,700600000.0,289900000.0,222000000.0,185400000.0,155100000.0,1877216000.0
,costAndExpenses,3457900000.0,3433600000.0,3210000000.0,3071500000.0,2852000000.0,2931700000.0,3506300000.0,3758900000.0,3677300000.0,3714200000.0,2965700000.0,2968200000.0,2935000000.0,2945000000.0,2637000000.0,2433600000.0,4528200000.0,3898800000.0,3644000000.0,3513800000.0,3741997000.0,4034000000.0,1311200000.0,975700000.0,817900000.0,711800000.0,2648802000.0
,interestExpense,96500000.0,91700000.0,66700000.0,33800000.0,20400000.0,18900000.0,23400000.0,25100000.0,23800000.0,24000000.0,14800000.0,11300000.0,12000000.0,0.0,0.0,0.0,0.0,0.0,0.0,0.0,0.0,0.0,0.0,0.0,0.0,0.0,0.0
,,,,,,,,,,,,,,,,,,,,,,,,,,,,,,,,,,,,,,,,,,,,,,,,,,,,,,,,,,,,,,,,,,,,,,,,,,,,,,,,,,,,,,,,,,,,,,,,,,,,,
EBITDA,,,,,,,,,,,,,,,,,,,,,,,,,,,,,,,,,,,,,,,,,,,,,,,,,,,,,,,,,,,,,,,,,,,,,,,,,,,,,,,,,,,,,,,,,,,,,,,,,,,,,
,depreciationAndAmortization,206800000.0,185000000.0,162300000.0,146600000.0,131600000.0,139900000.0,161900000.0,173600000.0,165500000.0,162400000.0,136600000.0,135100000.0,122300000.0,153500000.0,133100000.0,119800000.0,148900000.0,143000000.0,130900000.0,194400000.0,188950000.0,180300000.0,82600000.0,61300000.0,54600000.0,43000000.0,0.0
,EBITDA,439800000.0,434600000.0,441200000.0,422100000.0,300200000.0,269600000.0,217900000.0,356900000.0,330300000.0,333700000.0,292400000.0,301900000.0,350800000.0,427500000.0,333700000.0,235200000.0,338800000.0,242800000.0,263600000.0,304800000.0,281065000.0,235500000.0,222700000.0,187000000.0,146500000.0,119600000.0,125901000.0
,EBITDARatio,0.119157928960416,0.117995221546481,0.126458195993006,0.12611293695847,0.0993842282990134,0.088064284314366,0.0611683462931252,0.0905332048094972,0.0859686109159054,0.0858834126881997,0.0936729136633029,0.0962998405103668,0.110889837205627,0.132805219012116,0.117599379757542,0.092271479011377,0.0718085670079057,0.0607212524383534,0.0697963830857627,0.0841013189117598,0.0733064135841624,0.0575907267925267,0.153448632260732,0.169783911385509,0.161024400967246,0.15169964485033,0.0472021070193362
,,,,,,,,,,,,,,,,,,,,,,,,,,,,,,,,,,,,,,,,,,,,,,,,,,,,,,,,,,,,,,,,,,,,,,,,,,,,,,,,,,,,,,,,,,,,,,,,,,,,,
INCOME,,,,,,,,,,,,,,,,,,,,,,,,,,,,,,,,,,,,,,,,,,,,,,,,,,,,,,,,,,,,,,,,,,,,,,,,,,,,,,,,,,,,,,,,,,,,,,,,,,,,,
,operatingIncome,233000000.0,249600000.0,278900000.0,275500000.0,168600000.0,129700000.0,56000000.0,183300000.0,164800000.0,171300000.0,155800000.0,166800000.0,228500000.0,274000000.0,200600000.0,115400000.0,189900000.0,99800000.0,132700000.0,110400000.0,92115000.0,55200000.0,140100000.0,125700000.0,91900000.0,76600000.0,18473000.0
,operatingIncomeRatio,0.0631282343059958,0.0677671589921807,0.0799392358623062,0.0823125186734389,0.0558167251539429,0.0423662376690403,0.015720180782079,0.0464968799147684,0.0428932094427527,0.0440869900913653,0.049911901329489,0.0532057416267943,0.0722301248617038,0.0851196023609817,0.0706935438398647,0.0452726559435073,0.0402492528772175,0.0249587355574451,0.0351364948235232,0.0304618950389051,0.024025119766976,0.0134989729042355,0.0965341418039,0.114127474123842,0.101011211255221,0.0971588026382547,0.00692579505300353
,totalOtherIncomeExpensesNet,-62800000.0,-70000000.0,-176600000.0,-64300000.0,-25800000.0,-73000000.0,-84600000.0,-12700000.0,8600000.0,9100000.0,0.0,0.0,-6900000.0,4600000.0,8900000.0,15000000.0,11900000.0,28300000.0,-13000000.0,19800000.0,-48247000.0,25000000.0,7400000.0,-1000000.0,-300000.0,-800000.0,-5572000.0
,incomeBeforeTax,79300000.0,93500000.0,42500000.0,181500000.0,125000000.0,41100000.0,-49000000.0,148200000.0,154500000.0,156400000.0,139600000.0,166300000.0,224600000.0,273600000.0,204300000.0,91800000.0,161500000.0,73900000.0,110200000.0,73200000.0,4629000.0,47500000.0,125500000.0,113300000.0,89800000.0,73800000.0,28325000.0
,incomeBeforeTaxRatio,0.0214852745942724,0.0253855343179844,0.0121814898678667,0.054227666567075,0.0413825067867311,0.0134252302867969,-0.0137551581843191,0.0375932220587489,0.0402123838525806,0.0402522197915326,0.0447220887393881,0.0530462519936204,0.0709973131025763,0.084995340167754,0.0719974626444883,0.036014123185563,0.0342298806723045,0.0184814685139799,0.0291789128074774,0.0201975608410132,0.00120731997396007,0.0116159640027389,0.0864741955488183,0.102869075721809,0.0987030116509123,0.0936073059360731,0.0106194524374127
,incomeTaxExpense,56600000.0,61000000.0,70000000.0,157700000.0,78500000.0,66500000.0,36700000.0,52000000.0,26900000.0,59400000.0,67100000.0,-61100000.0,53000000.0,102200000.0,82700000.0,49500000.0,60900000.0,55700000.0,41200000.0,27400000.0,1944000.0,12800000.0,46400000.0,39700000.0,30100000.0,22700000.0,1428000.0
,netIncome,16000000.0,29000000.0,-33300000.0,16700000.0,34500000.0,-11900000.0,-83900000.0,56800000.0,88900000.0,74500000.0,57100000.0,200200000.0,183300000.0,137300000.0,587200000.0,142400000.0,121500000.0,29400000.0,26100000.0,16600000.0,-256643000.0,34700000.0,79100000.0,73600000.0,59700000.0,51100000.0,26897000.0
,netIncomeRatio,0.00433498604676366,0.00787358818418766,-0.00954455559058729,0.00498954287421572,0.0114215718731378,-0.00388711047233292,-0.0235521994217219,0.0144081984678606,0.0231383878608053,0.0191738514991636,0.0182924875860964,0.063859649122807,0.0579421526789948,0.0426529978254116,0.206935438398647,0.0558650451157317,0.0257518916513003,0.00735257340069024,0.00691079513861307,0.00458032117432813,-0.0669367509347666,0.00848576738726401,0.0545028595052711,0.0668240421282005,0.0656188173224885,0.0648148148148148,0.0100840745704886
,,,,,,,,,,,,,,,,,,,,,,,,,,,,,,,,,,,,,,,,,,,,,,,,,,,,,,,,,,,,,,,,,,,,,,,,,,,,,,,,,,,,,,,,,,,,,,,,,,,,,
EPS,,,,,,,,,,,,,,,,,,,,,,,,,,,,,,,,,,,,,,,,,,,,,,,,,,,,,,,,,,,,,,,,,,,,,,,,,,,,,,,,,,,,,,,,,,,,,,,,,,,,,
,EPS,0.31936127744511,0.58,-0.65,0.33,0.69,-0.24,-1.71,1.17,1.84,1.56,1.18464730290456,4.23,3.96,2.95,11.75,2.53,2.23,0.55,0.48,0.31,-5.11,1.06,2.04,1.92,1.56282722513089,1.35,2.11
,EPSDiluted,0.31936127744511,0.57,-0.65,0.32,0.68,-0.24,-1.71,1.16,1.83,1.55,1.1797520661157,4.21,3.93,2.92,11.64,2.5,2.2,0.55,0.48,0.31,-5.12,0.7,2.02,1.9,1.54618705480917,1.35,2.11
,weightedAverageShsOut,50100000.0,50100000.0,49700000.0,50500000.0,50000000.0,49300000.0,49000000.0,48700000.0,48400000.0,47800000.0,48200000.0,47200000.0,46300000.0,46500000.0,50000000.0,56300000.0,54484305.0,53454545.0,52083333.0,51290323.0,50385519.0,40861000.0,38713000.0,38273000.0,38200000.0,37931000.0,37784000.0
,weightedAverageShsOutDil,50100000.0,50100000.0,49700000.0,50500000.0,50600000.0,49300000.0,49000000.0,49000000.0,48600000.0,48100000.0,48400000.0,47500000.0,46700000.0,47000000.0,50500000.0,57000000.0,55227273.0,53454545.0,52083333.0,51290323.0,50385519.0,47285714.0,39155000.0,38791000.0,38611111.0,37931000.0,37784000.0
