Date,2018-12-31,2017-12-31,2016-12-31,2015-12-31,2014-12-31,2013-12-31,2012-12-31,2011-12-31,2010-12-31,2009-12-31
Revenue,399472000.0,286776000.0,208332000.0,178513000.0,166578000.0,129501000.0,111494000.0,119022000.0,119924000.0,140621000.0
Revenue Growth,0.392975702290289,0.376533609815103,0.167041055833469,0.0716481167981366,0.286306669446568,0.161506448777513,-0.0632488111441582,-0.00752143023915146,-0.147182853201158,0.1674
Cost of Revenue,148986000.0,114406000.0,78882000.0,71956000.0,73114000.0,50431000.0,45593000.0,49076000.0,47492000.0,48688000.0
Gross Profit,250486000.0,172370000.0,129450000.0,106557000.0,93464000.0,79070000.0,65901000.0,69946000.0,72432000.0,91933000.0
R&D Expenses,11206000.0,11101000.0,8355000.0,7111000.0,7396000.0,7338000.0,4664000.0,5698000.0,4897000.0,5810000.0
SG&A Expense,152585000.0,118305000.0,84513000.0,75818000.0,73936000.0,62844000.0,58248000.0,62832000.0,63995000.0,73809000.0
Operating Expenses,200672000.0,174133000.0,111438000.0,97039000.0,97777000.0,85951000.0,79060000.0,131268000.0,92124000.0,112582000.0
Operating Income,49814000.0,-1763000.0,18012000.0,9518000.0,-4313000.0,-6881000.0,-13159000.0,-61322000.0,-19692000.0,-20649000.0
Interest Expense,9429000.0,4897000.0,0.0,0.0,0.0,0.0,0.0,0.0,3000.0,12000.0
Earnings before Tax,41504000.0,-10396000.0,15770000.0,7896000.0,-12106000.0,-7104000.0,-13107000.0,-61178000.0,-19598000.0,-20471000.0
Income Tax Expense,-370000.0,6747000.0,-37667000.0,468000.0,-2313000.0,215000.0,-905000.0,244000.0,262000.0,5000.0
Net Income - Non-Controlling int,0.0,0.0,0.0,0.0,0.0,0.0,0.0,0.0,0.0,0.0
Net Income - Discontinued ops,0.0,0.0,0.0,0.0,0.0,0.0,0.0,0.0,0.0,0.0
Net Income,42820000.0,-15956000.0,53437000.0,7428000.0,-9793000.0,-7319000.0,-12202000.0,-61422000.0,-19860000.0,-20476000.0
Preferred Dividends,0.0,0.0,0.0,0.0,0.0,0.0,0.0,0.0,0.0,0.0
Net Income Com,42820000.0,-15956000.0,53437000.0,7428000.0,-9793000.0,-7319000.0,-12202000.0,-61422000.0,-19860000.0,-20476000.0
EPS,1.31,-0.53,1.91,0.27,-0.37,-0.29,-0.49,-2.51,-0.82,-0.86
EPS Diluted,1.2,-0.53,1.75,0.26,-0.37,-0.29,-0.49,-2.51,-0.82,-0.86
Weighted Average Shs Out,32709000.0,30386000.0,27920150.0,27116300.0,26444626.0,25543646.0,25154367.0,24522655.0,24229546.0,23868596.0
Weighted Average Shs Out (Dil),35783000.0,30386000.0,30489081.0,29089211.0,26444626.0,25543646.0,24933656.0,24425318.0,24109085.0,23771368.0
Dividend per Share,0.0,0.0,0.0,0.0,0.0,0.0,0.0,0.0,0.0,0.0
Gross Margin,0.627042696359,0.601061455631,0.621363976729,0.596914510428,0.561082495888,0.610574435719,0.5911,0.5877,0.604,0.6538
EBITDA Margin,0.22525233308,0.0958099701509,0.155991398345,0.124724809958,0.0494483064991,0.041984231782,-0.033,-0.412,-0.063,-0.068
EBIT Margin,0.124699603477,-0.00614765531286,0.0864581533322,0.05331824573,-0.025891774424,-0.0531347248284,-0.1176,-0.514,-0.1634,-0.1455
Profit Margin,0.10719149277,-0.0556392445672,0.256499241595,0.0416104149278,-0.0587892758948,-0.0565169380931,-0.109,-0.516,-0.166,-0.146
Free Cash Flow margin,0.12043146954,0.0351668200965,0.134170458691,0.0042013746898,-0.0238326789852,0.0238608196076,-0.002,0.009,0.0427,-0.0856
EBITDA,89982000.0,27476000.0,32498000.0,22265000.0,8237000.0,5437000.0,-3729000.0,-49046000.0,-7524000.0,-9522000.0
EBIT,49814000.0,-1763000.0,18012000.0,9518000.0,-4313000.0,-6881000.0,-13107000.0,-61178000.0,-19595000.0,-20459000.0
Consolidated Income,42820000.0,-15956000.0,53437000.0,7428000.0,-9793000.0,-7319000.0,-12202000.0,-61422000.0,-19860000.0,-20476000.0
Earnings Before Tax Margin,0.10389714423,-0.0362512902056,0.0756964844575,0.0442320727342,-0.0726746629207,-0.0548567192531,-0.1176,-0.514,-0.1634,-0.1456
Net Profit Margin,0.10719149277,-0.0556392445672,0.256499241595,0.0416104149278,-0.0587892758948,-0.0565169380931,-0.1094,-0.5161,-0.1656,-0.1456
