Date,2018-12-31,2017-12-31,2016-12-31,2015-12-31,2014-12-31,2013-12-31,2012-12-31,2011-12-31,2010-12-31,2009-12-31
Revenue,228176000.0,227285000.0,217070000.0,209077000.0,207092000.0,197897000.0,190092000.0,173878000.0,163108000.0,160968000.0
Revenue Growth,0.0039,0.0471,0.0382,0.0096,0.0465,0.0411,0.0932,0.066,0.0133,0.0049
Cost of Revenue,56263000.0,55592000.0,53701000.0,50228000.0,48833000.0,46974000.0,46119000.0,43150000.0,40641000.0,39055000.0
Gross Profit,171913000.0,171693000.0,163369000.0,158849000.0,158259000.0,150923000.0,143973000.0,130728000.0,122467000.0,121913000.0
R&D Expenses,0.0,0.0,0.0,0.0,0.0,0.0,0.0,0.0,0.0,0.0
SG&A Expense,18459000.0,18176000.0,17496000.0,16353000.0,16961000.0,14951000.0,14274000.0,14256000.0,13968000.0,12956000.0
Operating Expenses,63811000.0,63870000.0,60960000.0,59839000.0,59616000.0,68097000.0,58182000.0,52088000.0,43526000.0,41106000.0
Operating Income,108102000.0,107823000.0,102409000.0,99010000.0,98643000.0,82826000.0,85791000.0,78640000.0,78941000.0,80807000.0
Interest Expense,45040000.0,47225000.0,45683000.0,45165000.0,46034000.0,46589000.0,49544000.0,45324000.0,34799000.0,34689000.0
Earnings before Tax,50554000.0,48257000.0,45279000.0,42468000.0,46943000.0,30872000.0,33374000.0,26733000.0,36763000.0,36713000.0
Income Tax Expense,0.0,0.0,0.0,0.0,0.0,0.0,0.0,0.0,0.0,0.0
Net Income - Non-Controlling int,12505000.0,12411000.0,11441000.0,10463000.0,11045000.0,3970000.0,6406000.0,3561000.0,6422000.0,6517000.0
Net Income - Discontinued ops,0.0,0.0,0.0,0.0,0.0,0.0,-4429000.0,55000.0,-3307000.0,88000.0
Net Income,50554000.0,48257000.0,45279000.0,42468000.0,46943000.0,30872000.0,33374000.0,26733000.0,36763000.0,36713000.0
Preferred Dividends,14590000.0,12375000.0,12375000.0,12375000.0,14841000.0,19211000.0,15140000.0,15140000.0,15140000.0,15140000.0
Net Income Com,35964000.0,35882000.0,32904000.0,30093000.0,32102000.0,11661000.0,18234000.0,11593000.0,21623000.0,21573000.0
EPS,1.61,1.64,1.53,1.42,1.55,0.57,0.93,0.61,1.18,1.2
EPS Diluted,1.6,1.63,1.52,1.42,1.54,0.57,0.93,0.61,1.18,1.2
Weighted Average Shs Out,22600000.0,21900000.0,21400000.0,21200000.0,20900000.0,20500000.0,19900000.0,19284000.0,18477000.0,18012000.0
Weighted Average Shs Out (Dil),22600000.0,21900000.0,21400000.0,21200000.0,20900000.0,20500000.0,19900000.0,19284000.0,18477000.0,18012000.0
Dividend per Share,2.08,2.04,1.84,1.69,1.56,1.44,1.44,1.44,1.44,1.53
Gross Margin,0.7534,0.7554,0.7526,0.7598,0.7642,0.7626,0.7574,0.7518,0.7508,0.7574
EBITDA Margin,0.62,0.621,0.624,0.626,0.648,0.64,0.648,0.618,0.614,0.619
EBIT Margin,0.4189,0.4201,0.419,0.4191,0.449,0.3914,0.4362,0.4144,0.4387,0.4436
Profit Margin,0.158,0.158,0.152,0.144,0.155,0.059,0.096,0.067,0.133,0.134
Free Cash Flow margin,0.1552,0.3841,0.307,0.2059,0.3644,0.3346,0.4015,0.2007,0.0132,-0.0318
EBITDA,141455000.0,141176000.0,135379000.0,130903000.0,134180000.0,126591000.0,123107000.0,107457000.0,100138000.0,99666000.0
EBIT,95594000.0,95482000.0,90962000.0,87633000.0,92977000.0,77461000.0,82918000.0,72057000.0,71562000.0,71402000.0
Consolidated Income,63059000.0,60668000.0,56720000.0,52931000.0,57988000.0,34842000.0,39780000.0,30294000.0,43185000.0,43230000.0
Earnings Before Tax Margin,0.2216,0.2123,0.2086,0.2031,0.2267,0.156,0.1756,0.1537,0.2254,0.2281
Net Profit Margin,0.2216,0.2123,0.2086,0.2031,0.2267,0.156,0.1756,0.1537,0.2254,0.2281
