date,,2020-03-31_FY,2020-03-28_FY,2019-03-30_FY,2018-03-31_FY,2017-03-25_FY,2016-03-26_FY,2015-03-28_FY,2014-03-29_FY,2013-03-30_FY,2012-03-31_FY,2011-03-26_FY,2010-03-27_FY,2009-03-28_FY,2008-03-29_FY,2007-03-31_FY,2006-03-25_FY,2005-03-26_FY,2004-03-27_FY,2003-03-29_FY,2002-03-31_FY
,revenue,169420000.0,169420000.0,151049000.0,147708892.98,157305036.0,173807501.0,190485644.0,296000000.0,293100000.0,301624694.07,275600000.0,278700000.0,304600000.0,324900000.0,339483715.2,327600000.0,306000000.0,292600000.0,234400000.0,120969975.2
,costOfRevenue,104943000.0,104943000.0,92472000.0,91462821.84,94102554.0,102246382.0,111902212.0,175300000.0,166800000.0,168699790.77,157500000.0,164600000.0,174600000.0,173700000.0,175349507.2,173000000.0,166300000.0,160800000.0,129700000.0,58708269.0
,grossProfit,64477000.0,64477000.0,58577000.0,56246071.14,63202482.0,71561119.0,78583432.0,120700000.0,126300000.0,132924903.3,118100000.0,114100000.0,130000000.0,151200000.0,164134208.0,154700000.0,139700000.0,131800000.0,104800000.0,62261706.2
,grossProfitRatio,0.380574902608901,0.380574902608901,0.387801309508835,0.380790012065257,0.401782953725652,0.411726298279842,0.412542543101043,0.40777027027027,0.430910951893552,0.440696355150389,0.428519593613933,0.409400789379261,0.426789231779383,0.465373961218837,0.483481830353199,0.472222222222222,0.456535947712418,0.450444292549556,0.447098976109215,0.514687269275393
,,,,,,,,,,,,,,,,,,,,,,,,,,,,,,,,,,,,,,,,,,,,,,,,,,,,,,,,,,,,,,,,,,,,,,,,,,,,,,,,,,,,,,,,,,,,,,,,,,,,,
COST And EXPENSES,,,,,,,,,,,,,,,,,,,,,,,,,,,,,,,,,,,,,,,,,,,,,,,,,,,,,,,,,,,,,,,,,,,,,,,,,,,,,,,,,,,,,,,,,,,,,,,,,,,,,
,ResearchAndDevelopmentExpenses,0.0,0.0,0.0,0.0,0.0,0.0,0.0,0.0,0.0,0.0,0.0,0.0,0.0,0.0,0.0,0.0,0.0,0.0,0.0,0.0
,GeneralAndAdministrativeExpenses,65867000.0,65867000.0,67106000.0,66924740.43,63744233.0,65297883.0,70273665.0,111100000.0,110900000.0,117804608.25,109100000.0,116100000.0,128200000.0,132400000.0,133191195.2,131100000.0,122500000.0,126700000.0,99000000.0,55481786.3
,SellingAndMarketingExpenses,0.0,0.0,0.0,0.0,0.0,0.0,0.0,0.0,0.0,0.0,0.0,0.0,0.0,0.0,0.0,0.0,0.0,0.0,0.0,0.0
,otherExpenses,0.0,0.0,0.0,0.0,5876000.0,2754000.0,8774000.0,5426000.0,4563000.0,0.0,5267000.0,19767000.0,19767000.0,6876000.0,0.0,-600000.0,-1500000.0,500000.0,-300000.0,0.0
,operatingExpenses,0.0,71021000.0,72193000.0,70216544.52,68202533.0,65447844.0,79187900.0,116800000.0,115500000.0,122506815.48,114500000.0,123200000.0,150400000.0,139500000.0,140618072.0,137100000.0,127000000.0,133000000.0,103700000.0,60097426.9
,costAndExpenses,175655000.0,175964000.0,164665000.0,161679366.36,162305087.0,167694226.0,191090112.0,292100000.0,282300000.0,291206606.25,272000000.0,287800000.0,325000000.0,313200000.0,315967579.2,310100000.0,293300000.0,293800000.0,233400000.0,118805695.9
,interestExpense,5683000.0,-5683000.0,-4689000.0,4024033.56,-4532605.0,-5809300.0,-3555066.0,-10000000.0,-9300000.0,10176642.0,-11500000.0,-12200000.0,-11200000.0,-11000000.0,0.0,-10700000.0,-11200000.0,-11500000.0,-9100000.0,0.0
,,,,,,,,,,,,,,,,,,,,,,,,,,,,,,,,,,,,,,,,,,,,,,,,,,,,,,,,,,,,,,,,,,,,,,,,,,,,,,,,,,,,,,,,,,,,,,,,,,,,,
EBITDA,,,,,,,,,,,,,,,,,,,,,,,,,,,,,,,,,,,,,,,,,,,,,,,,,,,,,,,,,,,,,,,,,,,,,,,,,,,,,,,,,,,,,,,,,,,,,,,,,,,,,
,depreciationAndAmortization,4845000.0,4845000.0,3859000.0,3291804.09,3578799.0,3832787.0,7959044.0,5820000.0,4780000.0,4702207.23,5890000.0,6470000.0,7930000.0,8060000.0,7426876.8,7410000.0,6630000.0,6250000.0,5380000.0,4615640.6
,EBITDA,-1390000.0,-1699000.0,-9757000.0,-10678669.29,-1421252.0,9946062.0,7354576.0,9720000.0,15580000.0,15120295.05,9590000.0,-2630000.0,-12470000.0,19760000.0,30943012.8,24910000.0,19330000.0,5050000.0,6480000.0,6779919.9
,EBITDARatio,-0.00820446228308346,-0.0100283319560855,-0.0645949327701607,-0.0722953714875238,-0.00903500635542272,0.0572245843405803,0.0386096077665569,0.0328378378378378,0.0531559194814057,0.050129499829649,0.0347968069666183,-0.00943667025475422,-0.0409389363099146,0.0608187134502924,0.0911472669072522,0.076037851037851,0.0631699346405229,0.0172590567327409,0.0276450511945392,0.0560463031325809
,,,,,,,,,,,,,,,,,,,,,,,,,,,,,,,,,,,,,,,,,,,,,,,,,,,,,,,,,,,,,,,,,,,,,,,,,,,,,,,,,,,,,,,,,,,,,,,,,,,,,
INCOME,,,,,,,,,,,,,,,,,,,,,,,,,,,,,,,,,,,,,,,,,,,,,,,,,,,,,,,,,,,,,,,,,,,,,,,,,,,,,,,,,,,,,,,,,,,,,,,,,,,,,
,operatingIncome,-6235000.0,-6544000.0,-13616000.0,-13970473.38,-5000051.0,6113275.0,-604468.0,3900000.0,10800000.0,10418087.82,3700000.0,-9100000.0,-20400000.0,11700000.0,23516136.0,17500000.0,12700000.0,-1200000.0,1100000.0,2164279.3
,operatingIncomeRatio,-0.0368020304568528,-0.0386259001298548,-0.0901429337499752,-0.0945811257409642,-0.0317857020165585,0.0351726764657873,-0.00317329950597222,0.0131756756756757,0.0368474923234391,0.0345399034787987,0.0134252539912917,-0.0326515966989595,-0.066973079448457,0.03601108033241,0.069270291760964,0.0534188034188034,0.0415032679738562,-0.00410116199589884,0.00469283276450512,0.0178910452483915
,totalOtherIncomeExpensesNet,-309000.0,0.0,0.0,-3672770.04,0.0,0.0,0.0,0.0,0.0,0.0,0.0,0.0,0.0,0.0,0.0,0.0,0.0,0.0,0.0,-3782000.0
,incomeBeforeTax,-12227000.0,-12227000.0,-18305000.0,-21667276.98,-9532656.0,303975.0,-4159533.0,-6100000.0,1500000.0,241445.82,-7900000.0,-21300000.0,-31600000.0,700000.0,11890155.2,6900000.0,1500000.0,-12700000.0,-8000000.0,-3867632.5
,incomeBeforeTaxRatio,-0.0721697556368788,-0.0721697556368788,-0.121185840356441,-0.146689048593261,-0.0605998144903638,0.00174891761432091,-0.0218364644844312,-0.0206081081081081,0.00511770726714432,0.000800484259899377,-0.0286647314949202,-0.0764262648008611,-0.103742613263296,0.00215450907971684,0.0350242284611359,0.0210622710622711,0.00490196078431373,-0.043403964456596,-0.0341296928327645,-0.0319718384136694
,incomeTaxExpense,0.0,0.0,0.0,0.0,-5277000.0,50000.0,0.0,18000.0,20000.0,22947.33,24000.0,32854000.0,32854000.0,-10100000.0,-3248537.6,0.0,0.0,0.0,-1500000.0,0.0
,netIncome,-12779000.0,-12779000.0,-18686000.0,15108205.59,6657728.0,7346738.0,-11467612.0,-6100000.0,1500000.0,218498.49,-7900000.0,-21300000.0,-68600000.0,10800000.0,15138692.8,6800000.0,1500000.0,-3000000.0,18700000.0,-3867632.5
,netIncomeRatio,-0.0754279305867076,-0.0754279305867076,-0.12370820065012,0.102283655947822,0.0423236799615239,0.0422693954963428,-0.060201975115773,-0.0206081081081081,0.00511770726714432,0.000724405177346957,-0.0286647314949202,-0.0764262648008611,-0.22521339461589,0.0332409972299169,0.0445932812744239,0.0207570207570208,0.00490196078431373,-0.0102529049897471,0.079778156996587,-0.0319718384136694
,,,,,,,,,,,,,,,,,,,,,,,,,,,,,,,,,,,,,,,,,,,,,,,,,,,,,,,,,,,,,,,,,,,,,,,,,,,,,,,,,,,,,,,,,,,,,,,,,,,,,
EPS,,,,,,,,,,,,,,,,,,,,,,,,,,,,,,,,,,,,,,,,,,,,,,,,,,,,,,,,,,,,,,,,,,,,,,,,,,,,,,,,,,,,,,,,,,,,,,,,,,,,,
,EPS,-0.71,-0.71121,-1.04037,0.839417,0.37068,0.40904,-0.63933,-0.36747,0.11111,0.0191799938553371,-0.69298,-1.86842,-6.0708,0.92308,1.349712,0.66019,0.20548,-0.47619,2.96825,-0.606062
,EPSDiluted,-0.71,-0.71121,-1.04037,0.826502,0.37068,0.40904,-0.63933,-0.36747,0.11111,0.0191028580171359,-0.69298,-1.86842,-6.0708,0.92308,1.280496,0.66019,0.20548,-0.47619,2.96825,-0.606062
,weightedAverageShsOut,17968000.0,17968000.0,17961000.0,17961000.0,17961000.0,17961000.0,17937000.0,16600000.0,13500000.0,11392000.0,11400000.0,11400000.0,11300000.0,11700000.0,11213000.0,10300000.0,7300000.0,6300000.0,6300000.0,6313000.0
,weightedAverageShsOutDil,17968000.0,17968000.0,17961000.0,18393000.0,17961000.0,17961000.0,17937000.0,16600000.0,13500000.0,11438000.0,11400000.0,11400000.0,11300000.0,11700000.0,11788000.0,10300000.0,7300000.0,6300000.0,6300000.0,6313000.0
