date,,2020-12-31_FY,2019-12-31_FY,2018-12-31_FY,2017-12-31_FY,2016-12-31_FY,2015-12-31_FY,2014-12-31_FY,2013-12-31_FY,2012-12-31_FY,2011-12-31_FY,2010-12-31_FY,2009-12-31_FY,2008-12-31_FY,2007-12-31_FY,2006-12-31_FY,2005-12-31_FY
,revenue,-103998969.0,-7761499.0,-10953759.0,20212429.0,-59361421.0,48349312.0,145496282.0,101218202.0,64385708.0,114941443.0,99637148.0,118467169.0,124528616.0,47489109.0,55275436.0,10246003.0
,costOfRevenue,0.0,0.0,0.0,0.0,0.0,0.0,0.0,0.0,0.0,0.0,0.0,0.0,0.0,0.0,0.0,0.0
,grossProfit,0.0,0.0,0.0,0.0,0.0,0.0,0.0,0.0,0.0,0.0,0.0,0.0,0.0,0.0,0.0,0.0
,grossProfitRatio,0.0,0.0,0.0,0.0,0.0,0.0,0.0,0.0,0.0,0.0,0.0,0.0,0.0,0.0,0.0,0.0
,,,,,,,,,,,,,,,,,,,,,,,,,,,,,,,,,,,,,,,,,,,,,,,,,,,,,,,,,,,,,,,,,,,,,,,,,,,,,,,,,,,,,,,,,,,,,,,,,,,,,
COST And EXPENSES,,,,,,,,,,,,,,,,,,,,,,,,,,,,,,,,,,,,,,,,,,,,,,,,,,,,,,,,,,,,,,,,,,,,,,,,,,,,,,,,,,,,,,,,,,,,,,,,,,,,,
,ResearchAndDevelopmentExpenses,0.0,0.0,0.0,0.0,0.0,0.0,0.0,0.0,0.0,0.0,0.0,0.0,0.0,0.0,0.0,0.0
,GeneralAndAdministrativeExpenses,6157967.0,6027165.0,6719269.0,7290070.0,24930503.0,7642279.0,6143045.0,6244165.0,4509560.0,35577228.0,35339914.0,38520487.0,1037712.0,1144394.0,760188.0,435483.0
,SellingAndMarketingExpenses,0.0,0.0,0.0,0.0,0.0,0.0,0.0,0.0,0.0,0.0,0.0,0.0,0.0,0.0,0.0,0.0
,otherExpenses,0.0,0.0,0.0,-32865793.0,-138328489.0,-36565959.0,86868330.0,45350728.0,-16310299.0,0.0,0.0,0.0,0.0,0.0,0.0,0.0
,operatingExpenses,-146366.0,36000000.0,36000000.0,42000000.0,24930503.0,9724228.0,8256246.0,8229399.0,7034475.0,59000000.0,46000000.0,49000000.0,48000000.0,52000000.0,14000000.0,4000000.0
,costAndExpenses,0.0,0.0,0.0,0.0,0.0,0.0,0.0,0.0,0.0,0.0,0.0,0.0,0.0,0.0,0.0,0.0
,interestExpense,15584214.0,15558648.0,15228062.0,18205912.0,16661674.0,22208569.0,22473774.0,20913520.0,19606951.0,16561095.0,6233689.0,6416888.0,18667097.0,20660612.0,279432.0,0.0
,,,,,,,,,,,,,,,,,,,,,,,,,,,,,,,,,,,,,,,,,,,,,,,,,,,,,,,,,,,,,,,,,,,,,,,,,,,,,,,,,,,,,,,,,,,,,,,,,,,,,
EBITDA,,,,,,,,,,,,,,,,,,,,,,,,,,,,,,,,,,,,,,,,,,,,,,,,,,,,,,,,,,,,,,,,,,,,,,,,,,,,,,,,,,,,,,,,,,,,,,,,,,,,,
,depreciationAndAmortization,0.0,0.0,0.0,0.0,0.0,0.0,0.0,0.0,0.0,0.0,0.0,-100908828.0,654460.0,58980614.0,-986586.0,-353136.0
,EBITDA,0.0,0.0,0.0,0.0,0.0,0.0,0.0,0.0,0.0,0.0,0.0,-33669105.0,-149852922.0,75199979.0,40568070.0,6091232.0
,EBITDARatio,0.0,0.0,0.0,0.0,0.0,0.0,0.0,0.0,0.0,0.0,0.0,-0.284206209063711,-1.20336133824855,1.5835205288859,0.733925825569246,0.594498361946605
,,,,,,,,,,,,,,,,,,,,,,,,,,,,,,,,,,,,,,,,,,,,,,,,,,,,,,,,,,,,,,,,,,,,,,,,,,,,,,,,,,,,,,,,,,,,,,,,,,,,,
INCOME,,,,,,,,,,,,,,,,,,,,,,,,,,,,,,,,,,,,,,,,,,,,,,,,,,,,,,,,,,,,,,,,,,,,,,,,,,,,,,,,,,,,,,,,,,,,,,,,,,,,,
,operatingIncome,0.0,0.0,0.0,0.0,54036565.0,75191043.0,50371706.0,47638075.0,73661532.0,0.0,60149111.0,67239723.0,-150507382.0,16219365.0,41554656.0,6444368.0
,operatingIncomeRatio,0.998592620663384,0.887295095960201,0.836439983753522,1.03413879648013,-0.910297699915236,1.55516262568535,0.346206138793292,0.470647314995775,1.14406650618799,0.0,0.603681580689162,0.567581073875413,-1.20861683711317,0.341538625203518,0.751774368636369,0.628964094584005
,totalOtherIncomeExpensesNet,0.0,0.0,0.0,0.0,0.0,0.0,0.0,0.0,0.0,0.0,0.0,0.0,0.0,0.0,0.0,0.0
,incomeBeforeTax,-103852603.0,-6886740.0,-9162162.0,20902457.0,-84291924.0,38625084.0,137240036.0,92988803.0,57351233.0,0.0,0.0,0.0,0.0,0.0,0.0,0.0
,incomeBeforeTaxRatio,0.998592620663384,0.887295095960201,0.836439983753522,1.03413879648013,1.41997820436273,0.798875566212814,0.943254591206667,0.918696451454453,0.890744775222476,0.0,0.0,0.0,0.0,0.0,0.0,0.0
,incomeTaxExpense,0.0,0.0,0.0,0.0,0.0,0.0,0.0,0.0,0.0,0.0,0.0,0.0,0.0,0.0,0.0,0.0
,netIncome,-103852603.0,-6886740.0,-9162162.0,20902457.0,-84291924.0,38625084.0,137240036.0,92988803.0,57351233.0,76920509.0,71549561.0,67239723.0,-150507382.0,16219365.0,41554656.0,6444368.0
,netIncomeRatio,0.998592620663384,0.887295095960201,0.836439983753522,1.03413879648013,1.41997820436273,0.798875566212814,0.943254591206667,0.918696451454453,0.890744775222476,0.669214749635604,0.71810125476494,0.567581073875413,-1.20861683711317,0.341538625203518,0.751774368636369,0.628964094584005
,,,,,,,,,,,,,,,,,,,,,,,,,,,,,,,,,,,,,,,,,,,,,,,,,,,,,,,,,,,,,,,,,,,,,,,,,,,,,,,,,,,,,,,,,,,,,,,,,,,,,
EPS,,,,,,,,,,,,,,,,,,,,,,,,,,,,,,,,,,,,,,,,,,,,,,,,,,,,,,,,,,,,,,,,,,,,,,,,,,,,,,,,,,,,,,,,,,,,,,,,,,,,,
,EPS,-1.49,-0.100044758172943,-0.128369114785767,0.286400334520115,-1.16,0.517927222352492,1.84,1.25,0.78,1.05,1.14,1.2,-2.78,0.35,1.13,0.18
,EPSDiluted,-1.49,-0.0802366753214942,-0.103682711525881,0.229879998379811,-1.16,0.457247661545839,1.7,1.19,0.78,1.05,1.14,1.2,-2.784953,0.35,1.13,0.18
,weightedAverageShsOut,69801849.0,68836590.0,71373570.0,72983354.0,72757978.0,74576277.0,74539159.0,74174560.0,73623983.0,73037357.0,62663002.0,55923757.0,54043069.0,45714141.0,36632218.0,35366589.0
,weightedAverageShsOutDil,86795585.0,85830326.0,88367307.0,90927689.0,72757978.0,84473005.0,84435886.0,82715571.0,73623983.0,73037357.0,62663002.0,55923757.0,54043069.0,45714141.0,36632218.0,35366589.0
