Date,2018-12-31,2017-12-31,2016-12-31,2015-12-31,2014-12-31,2013-12-31,2012-12-31,2011-12-31,2010-12-31,2009-12-31
Revenue,384835000.0,181939000.0,177394000.0,180029000.0,186626000.0,194671000.0,178849000.0,173193000.0,152624000.0,156776000.0
Revenue Growth,1.1152,0.0256,-0.0146,-0.0353,-0.0413,0.0885,0.0327,0.1348,-0.0265,-0.1842
Cost of Revenue,343135000.0,132612000.0,125221000.0,131205000.0,134245000.0,133610000.0,122746000.0,114731000.0,97713000.0,96125000.0
Gross Profit,41700000.0,49327000.0,52173000.0,48824000.0,52381000.0,61061000.0,56103000.0,58462000.0,54911000.0,60651000.0
R&D Expenses,0.0,0.0,0.0,0.0,0.0,0.0,0.0,0.0,0.0,0.0
SG&A Expense,15995000.0,17112000.0,20029000.0,18976000.0,17498000.0,17482000.0,19795000.0,17311000.0,20454000.0,28137000.0
Operating Expenses,68914000.0,20487000.0,45682000.0,34835000.0,15034000.0,16933000.0,14466000.0,15170000.0,20396000.0,28137000.0
Operating Income,-27214000.0,28840000.0,6491000.0,13989000.0,37347000.0,44128000.0,41637000.0,43292000.0,34515000.0,32514000.0
Interest Expense,16860000.0,14027000.0,12554000.0,11202000.0,12268000.0,11615000.0,11705000.0,32898000.0,48638000.0,51399000.0
Earnings before Tax,-41849000.0,20211000.0,-4580000.0,6719000.0,28041000.0,28628000.0,31883000.0,36137000.0,-23589000.0,-16300000.0
Income Tax Expense,198000.0,166000.0,260000.0,323000.0,469000.0,593000.0,318000.0,287000.0,207000.0,205000.0
Net Income - Non-Controlling int,0.0,0.0,0.0,0.0,0.0,0.0,0.0,-2375000.0,0.0,0.0
Net Income - Discontinued ops,0.0,0.0,0.0,0.0,0.0,3383000.0,-1951000.0,-1261000.0,0.0,0.0
Net Income,-42047000.0,20045000.0,-4840000.0,6396000.0,27572000.0,28035000.0,31565000.0,35850000.0,-23796000.0,-16505000.0
Preferred Dividends,24603000.0,26059000.0,26257000.0,22118000.0,22204000.0,22211000.0,24191000.0,55968000.0,7644000.0,-326000.0
Net Income Com,-66650000.0,-6014000.0,-31097000.0,-15722000.0,5368000.0,5824000.0,7374000.0,-20118000.0,-31440000.0,-16179000.0
EPS,-1.61,-0.15,-0.87,-0.47,0.2,0.25,0.32,-0.61,-0.91,-0.47
EPS Diluted,-1.61,-0.15,-0.87,-0.47,0.2,0.25,0.32,-0.61,-0.91,-0.47
Weighted Average Shs Out,35125202.0,35125202.0,35125202.0,30158619.0,32766663.0,22777262.0,22670137.0,22657638.0,21727724.0,21702309.0
Weighted Average Shs Out (Dil),40348000.0,38342000.0,35093000.0,32945000.0,25670000.0,22706000.0,22666000.0,30876000.0,34315000.0,34162000.0
Dividend per Share,0.45,0.58,0.58,0.564,0.524,0.475,0.443,0.0,0.0,0.0
Gross Margin,0.1084,0.2711,0.2941,0.2712,0.2807,0.3137,0.3137,0.3376,0.3598,0.3869
EBITDA Margin,0.011,0.359,0.219,0.251,0.356,0.331,0.373,0.53,0.305,0.369
EBIT Margin,-0.0649,0.1882,0.045,0.0995,0.216,0.2067,0.2437,0.3986,0.1641,0.2239
Profit Margin,-0.173,-0.033,-0.175,-0.087,0.029,0.03,0.041,-0.116,-0.206,-0.103
Free Cash Flow margin,0.0374,0.1967,0.1852,0.1051,0.1118,-0.0226,0.1901,0.1107,0.0117,0.0521
EBITDA,4370000.0,65377000.0,38794000.0,45149000.0,66354000.0,64484000.0,66717000.0,91810000.0,46496000.0,57791000.0
EBIT,-24989000.0,34238000.0,7974000.0,17921000.0,40309000.0,40243000.0,43588000.0,69035000.0,25049000.0,35099000.0
Consolidated Income,-42047000.0,20045000.0,-4840000.0,6396000.0,27572000.0,28035000.0,31565000.0,33475000.0,-23796000.0,-16505000.0
Earnings Before Tax Margin,-0.1087,0.1111,-0.0258,0.0373,0.1503,0.1471,0.1783,0.2087,-0.1546,-0.104
Net Profit Margin,-0.1093,0.1102,-0.0273,0.0355,0.1477,0.144,0.1765,0.207,-0.1559,-0.1053
