Date,2018-12-31,2017-12-31,2016-12-31,2015-12-31,2014-12-31,2013-12-31,2012-12-31,2011-12-31,2010-12-31,2009-12-31
Revenue,127589000.0,138313000.0,167974000.0,173858000.0,167610000.0,134878000.0,149820000.0,134363000.0,81833000.0,94182000.0
Revenue Growth,-0.0775,-0.1766,-0.0338,0.0373,0.2427,-0.0997,0.115,0.6419,-0.1311,-0.0119
Cost of Revenue,0.0,0.0,0.0,0.0,0.0,0.0,0.0,0.0,0.0,0.0
Gross Profit,127589000.0,138313000.0,167974000.0,173858000.0,167610000.0,134878000.0,149820000.0,134363000.0,81833000.0,94182000.0
R&D Expenses,0.0,0.0,0.0,0.0,0.0,0.0,0.0,0.0,0.0,0.0
SG&A Expense,27989000.0,27653000.0,25196000.0,30435000.0,31566000.0,39830000.0,42113000.0,37982000.0,27843000.0,24588000.0
Operating Expenses,48918000.0,46875000.0,45814000.0,69874000.0,65244000.0,54306000.0,55814000.0,50087000.0,42218000.0,38202000.0
Operating Income,78671000.0,91438000.0,122160000.0,103984000.0,102366000.0,80572000.0,94006000.0,84276000.0,39615000.0,55980000.0
Interest Expense,0.0,0.0,0.0,0.0,0.0,0.0,0.0,0.0,0.0,0.0
Earnings before Tax,11138000.0,81999000.0,87045000.0,103984000.0,102366000.0,84753000.0,93032000.0,83180000.0,42244000.0,54862000.0
Income Tax Expense,0.0,0.0,0.0,0.0,0.0,0.0,0.0,0.0,0.0,0.0
Net Income - Non-Controlling int,0.0,0.0,0.0,0.0,0.0,-4185000.0,293000.0,676000.0,-2423000.0,1118000.0
Net Income - Discontinued ops,0.0,0.0,0.0,0.0,0.0,0.0,0.0,0.0,0.0,0.0
Net Income,11138000.0,81999000.0,87045000.0,103984000.0,102366000.0,84753000.0,93032000.0,83180000.0,42244000.0,54862000.0
Preferred Dividends,0.0,0.0,0.0,0.0,0.0,0.0,0.0,0.0,0.0,0.0
Net Income Com,11138000.0,81999000.0,87045000.0,103984000.0,102366000.0,84753000.0,93032000.0,83180000.0,42244000.0,54862000.0
EPS,0.28,2.09,2.23,2.67,2.65,2.21,2.46,2.25,1.15,1.5
EPS Diluted,0.28,2.08,2.22,2.66,2.63,2.2,2.45,2.24,1.15,1.5
Weighted Average Shs Out,39428835.0,39160048.0,38968905.0,38777339.0,38573167.0,38145182.0,37131942.0,36710540.0,36545616.0,36413088.0
Weighted Average Shs Out (Dil),39543000.0,39311000.0,39085000.0,38925000.0,38693000.0,38406000.0,37824000.0,36969000.0,36647000.0,36493000.0
Dividend per Share,1.54,1.54,1.54,1.155,1.785,1.2,1.05,0.8,0.62,0.67
Gross Margin,1.0,1.0,1.0,1.0,1.0,1.0,1.0,1.0,1.0,1.0
EBITDA Margin,0.107,0.61,0.531,0.609,0.626,0.649,0.636,0.635,0.546,0.611
EBIT Margin,0.0873,0.5929,0.5182,0.5981,0.6107,0.6284,0.621,0.6191,0.5162,0.5825
Profit Margin,0.087,0.593,0.518,0.598,0.611,0.628,0.621,0.619,0.516,0.583
Free Cash Flow margin,-2.1775,4.2032,3.7192,1.5403,-1.5906,0.4009,0.6294,1.3245,0.828,0.1595
EBITDA,13596000.0,84415000.0,89131000.0,105951000.0,104853000.0,87500000.0,95301000.0,85319000.0,44715000.0,57533000.0
EBIT,11138000.0,81999000.0,87045000.0,103984000.0,102366000.0,84753000.0,93032000.0,83180000.0,42244000.0,54862000.0
Consolidated Income,11138000.0,81999000.0,87045000.0,103984000.0,102366000.0,80568000.0,93325000.0,83856000.0,39821000.0,55980000.0
Earnings Before Tax Margin,0.0873,0.5929,0.5182,0.5981,0.6107,0.6284,0.621,0.6191,0.5162,0.5825
Net Profit Margin,0.0873,0.5929,0.5182,0.5981,0.6107,0.6284,0.621,0.6191,0.5162,0.5825
