date,,2020-12-31_FY,2019-12-31_FY,2018-12-31_FY,2017-12-31_FY,2016-12-31_FY,2015-12-31_FY,2014-12-31_FY,2013-12-31_FY,2012-12-31_FY,2011-12-31_FY,2010-12-31_FY,2009-12-31_FY,2008-12-31_FY,2007-12-31_FY,2006-12-31_FY,2005-12-31_FY,2004-12-31_FY,2003-12-31_FY,2002-12-31_FY,2001-12-31_FY,2000-12-31_FY,1999-12-31_FY,1998-12-31_FY
,revenue,1860461000.0,1704048000.0,1491212000.0,1313646000.0,1116854000.0,889895000.0,751040000.0,548485000.0,500723000.0,441358000.0,376267000.0,324656000.0,296493000.0,121581000.0,84209000.0,25669000.0,18641000.0,12100000.0,13919000.0,11699000.0,12326000.0,6976000.0,1200000.0
,costOfRevenue,524272000.0,359466000.0,315264000.0,241786000.0,209620000.0,152008000.0,129764000.0,95742000.0,91830000.0,84023000.0,70285000.0,65909000.0,52509000.0,18359000.0,8740000.0,2629000.0,3953000.0,0.0,0.0,0.0,-6614000.0,-6094000.0,-700000.0
,grossProfit,1336189000.0,1344582000.0,1175948000.0,1071860000.0,907234000.0,737887000.0,621276000.0,452743000.0,408893000.0,357335000.0,305982000.0,258747000.0,243984000.0,103222000.0,75469000.0,23040000.0,14688000.0,12100000.0,0.0,0.0,18940000.0,13070000.0,1900000.0
,grossProfitRatio,0.718203176524528,0.789051716853046,0.788585392284933,0.815942803464556,0.812312083763858,0.829184341972929,0.827220920323818,0.825442810651157,0.816605188896855,0.809626199139927,0.813204453220718,0.79698819673747,0.822899697463347,0.848997787483242,0.896210618817466,0.8975807394133,0.787940561128695,1.0,0.0,0.0,1.53658932338147,1.87356651376147,1.58333333333333
,,,,,,,,,,,,,,,,,,,,,,,,,,,,,,,,,,,,,,,,,,,,,,,,,,,,,,,,,,,,,,,,,,,,,,,,,,,,,,,,,,,,,,,,,,,,,,,,,,,,,
COST And EXPENSES,,,,,,,,,,,,,,,,,,,,,,,,,,,,,,,,,,,,,,,,,,,,,,,,,,,,,,,,,,,,,,,,,,,,,,,,,,,,,,,,,,,,,,,,,,,,,,,,,,,,,
,ResearchAndDevelopmentExpenses,628116000.0,715007000.0,696328000.0,610753000.0,661905000.0,634806000.0,461543000.0,354780000.0,302218000.0,214374000.0,147309000.0,115116000.0,93291000.0,78600000.0,66735000.0,56391000.0,49784000.0,54814000.0,54455000.0,45283000.0,35794000.0,27206000.0,10500000.0
,GeneralAndAdministrativeExpenses,334300000.0,680924000.0,604353000.0,554336000.0,476593000.0,402271000.0,302156000.0,235356000.0,198173000.0,175423000.0,151723000.0,124290000.0,106566000.0,77539000.0,49030000.0,41556000.0,37606000.0,14396000.0,17541000.0,6718000.0,8814000.0,6805000.0,3500000.0
,SellingAndMarketingExpenses,403400000.0,0.0,0.0,0.0,0.0,0.0,0.0,0.0,0.0,0.0,0.0,0.0,0.0,0.0,0.0,0.0,0.0,0.0,0.0,0.0,0.0,0.0,0.0
,otherExpenses,7148000.0,6945000.0,2205000.0,7970000.0,4929000.0,-9299000.0,279000.0,982000.0,-1787000.0,0.0,0.0,0.0,0.0,0.0,0.0,0.0,0.0,0.0,0.0,0.0,0.0,0.0,0.0
,operatingExpenses,1428016000.0,1470039000.0,1349472000.0,1211560000.0,1111545000.0,1019387000.0,781667000.0,608750000.0,519108000.0,391225000.0,305438000.0,242320000.0,204228000.0,160510000.0,100142000.0,87253000.0,162600000.0,87903000.0,81543000.0,52001000.0,51941000.0,40569000.0,14800000.0
,costAndExpenses,1952288000.0,1829505000.0,1664736000.0,1453346000.0,1321165000.0,1171395000.0,911431000.0,704492000.0,610938000.0,475248000.0,375723000.0,308229000.0,256737000.0,178869000.0,108882000.0,89882000.0,166553000.0,87903000.0,81543000.0,52001000.0,45327000.0,34475000.0,14100000.0
,interestExpense,29309000.0,21429000.0,40054000.0,38982000.0,36132000.0,34950000.0,33310000.0,10447000.0,7639000.0,8349000.0,10329000.0,14090000.0,16394000.0,0.0,16726000.0,11918000.0,0.0,3131000.0,0.0,0.0,7000.0,0.0,0.0
,,,,,,,,,,,,,,,,,,,,,,,,,,,,,,,,,,,,,,,,,,,,,,,,,,,,,,,,,,,,,,,,,,,,,,,,,,,,,,,,,,,,,,,,,,,,,,,,,,,,,
EBITDA,,,,,,,,,,,,,,,,,,,,,,,,,,,,,,,,,,,,,,,,,,,,,,,,,,,,,,,,,,,,,,,,,,,,,,,,,,,,,,,,,,,,,,,,,,,,,,,,,,,,,
,depreciationAndAmortization,62200000.0,74108000.0,48791000.0,46471000.0,-26953000.0,-17690000.0,17968000.0,18614000.0,18717000.0,1428000.0,6406000.0,2914000.0,4371000.0,4371000.0,3651000.0,1144000.0,3987000.0,9442000.0,8504000.0,7004000.0,7333000.0,6558000.0,800000.0
,EBITDA,-29627000.0,-51349000.0,-124733000.0,-93229000.0,-231264000.0,-299190000.0,-142423000.0,-137393000.0,-91498000.0,-32462000.0,6950000.0,19341000.0,44127000.0,-52917000.0,-21022000.0,-63069000.0,-143925000.0,-66361000.0,-59120000.0,-33298000.0,-25668000.0,-20941000.0,-12100000.0
,EBITDARatio,-0.0159245477330619,-0.0301335408392252,-0.0836453837549591,-0.0709696524025498,-0.207067351686075,-0.336208204338714,-0.189634373668513,-0.250495455664239,-0.182731769860781,-0.0735502698489661,0.0184709262305756,0.0595738258341136,0.148829820602847,-0.435240703728379,-0.249640774739042,-2.4570104016518,-7.72088407274288,-5.48438016528926,-4.2474315683598,-2.84622617317719,-2.08242738925848,-3.00186353211009,-10.0833333333333
,,,,,,,,,,,,,,,,,,,,,,,,,,,,,,,,,,,,,,,,,,,,,,,,,,,,,,,,,,,,,,,,,,,,,,,,,,,,,,,,,,,,,,,,,,,,,,,,,,,,,
INCOME,,,,,,,,,,,,,,,,,,,,,,,,,,,,,,,,,,,,,,,,,,,,,,,,,,,,,,,,,,,,,,,,,,,,,,,,,,,,,,,,,,,,,,,,,,,,,,,,,,,,,
,operatingIncome,-91827000.0,-125457000.0,-173524000.0,-139700000.0,-204311000.0,-281500000.0,-160391000.0,-156007000.0,-110215000.0,-33890000.0,544000.0,16427000.0,39756000.0,-57288000.0,-24673000.0,-64213000.0,-147912000.0,-75803000.0,-67624000.0,-40302000.0,-33001000.0,-27499000.0,-12900000.0
,operatingIncomeRatio,-0.0493571217026318,-0.0736229261147573,-0.116364406938785,-0.10634524065083,-0.182934385335953,-0.316329454598576,-0.213558532168726,-0.284432573361168,-0.220111718455114,-0.0767857385614399,0.001445781851717,0.0505981716031738,0.134087482672441,-0.471192044809633,-0.292997185573989,-2.5015777786435,-7.93476744809828,-6.26471074380165,-4.85839499964078,-3.44490982135225,-2.67734869381795,-3.94194380733945,-10.75
,totalOtherIncomeExpensesNet,62137000.0,31358000.0,51652000.0,131679000.0,-594727000.0,160682000.0,66902000.0,-167000.0,-3008000.0,-4322000.0,-15817000.0,-6857000.0,-6326000.0,30525000.0,19274000.0,11838000.0,-102676000.0,-18693000.0,-20770000.0,-18980000.0,-7335000.0,-1673000.0,600000.0
,incomeBeforeTax,-42322000.0,-94811000.0,-142705000.0,-35875000.0,-831050000.0,-154724000.0,-124868000.0,-176503000.0,-118278000.0,-43627000.0,-21490000.0,566000.0,33424000.0,-15074000.0,0.0,0.0,0.0,0.0,0.0,0.0,0.0,0.0,0.0
,incomeBeforeTaxRatio,-0.0227481253302273,-0.055638690928894,-0.0956973253970596,-0.0273094882487367,-0.744099049651969,-0.173867703493109,-0.166260119301236,-0.321800960828464,-0.236214433928539,-0.0988471943411018,-0.0571136985172763,0.00174338376620176,0.112731160600756,-0.123983188162624,0.0,0.0,0.0,0.0,0.0,0.0,0.0,0.0,0.0
,incomeTaxExpense,-901422000.0,-70963000.0,-65494000.0,81167000.0,-200840000.0,17075000.0,9101000.0,-150000.0,-3931000.0,10209000.0,-227309000.0,1054000.0,2593000.0,729000.0,0.0,0.0,0.0,0.0,0.0,0.0,0.0,0.0,0.0
,netIncome,859100000.0,-23848000.0,-77211000.0,-117042000.0,-630210000.0,-171799000.0,-133969000.0,-176353000.0,-114347000.0,-53836000.0,205819000.0,-488000.0,30831000.0,-15803000.0,-28533000.0,-74270000.0,-187443000.0,-75798000.0,-77461000.0,-67606000.0,-37364000.0,-28072000.0,-12300000.0
,netIncomeRatio,0.461767271660089,-0.0139949109414758,-0.0517773462123427,-0.0890970626789866,-0.564272501150553,-0.193055360463875,-0.17837798253089,-0.321527480241028,-0.228363785965494,-0.121978076754018,0.547002527460553,-0.00150312946626583,0.1039855915654,-0.129979190827514,-0.338835516393735,-2.8933733296973,-10.055415482002,-6.26429752066116,-5.56512680508657,-5.77878451149671,-3.03131591757261,-4.02408256880734,-10.25
,,,,,,,,,,,,,,,,,,,,,,,,,,,,,,,,,,,,,,,,,,,,,,,,,,,,,,,,,,,,,,,,,,,,,,,,,,,,,,,,,,,,,,,,,,,,,,,,,,,,,
EPS,,,,,,,,,,,,,,,,,,,,,,,,,,,,,,,,,,,,,,,,,,,,,,,,,,,,,,,,,,,,,,,,,,,,,,,,,,,,,,,,,,,,,,,,,,,,,,,,,,,,,
,EPS,4.79839588022721,-0.13,-0.436070054952813,-0.67,-3.8,-1.07,-0.92,-1.28,-0.95,-0.48,1.99,-0.00486681094234624,0.31,-0.16,-0.34,-1.08,-2.91,-1.22,-1.45,-1.65,-1.04,-0.94,-0.55
,EPSDiluted,4.79839588022721,-0.13,-0.435560845725117,-0.67,-3.81,-1.07,-0.92,-1.28,-0.95,-0.48,1.73,-0.00486681094234624,0.29,-0.16,-0.34,-1.08,-2.91,-1.22,-1.45,-1.65,-1.04,-0.94,-0.55
,weightedAverageShsOut,179039000.0,179039000.0,177061000.0,174427000.0,165985000.0,160025000.0,146349000.0,137755000.0,120271000.0,112122000.0,103093000.0,100271000.0,98975000.0,95878000.0,84582000.0,68830000.0,64354000.0,62125000.0,53279000.0,41083000.0,35859000.0,29944000.0,22363636.0
,weightedAverageShsOutDil,179039000.0,179039000.0,177268000.0,174427000.0,166219000.0,160025000.0,146349000.0,137755000.0,120271000.0,112122000.0,125674000.0,100271000.0,103572000.0,95878000.0,84582000.0,68830000.0,64354000.0,62125000.0,53279000.0,41083000.0,35859000.0,29944000.0,22363636.0
