Date,2018-12-31,2017-12-31,2016-12-31,2015-12-31,2014-12-31,2013-12-31,2012-12-31,2011-12-31,2010-12-31,2009-12-31
Revenue,218260000.0,171641000.0,155878000.0,151516000.0,124266000.0,117770000.0,107118000.0,90872000.0,71696000.0,62379000.0
Revenue Growth,0.2716,0.1011,0.0288,0.2193,0.0552,0.0994,0.1788,0.2675,0.1494,0.1767
Cost of Revenue,0.0,0.0,0.0,0.0,0.0,0.0,0.0,0.0,0.0,0.0
Gross Profit,218260000.0,171641000.0,155878000.0,151516000.0,124266000.0,117770000.0,107118000.0,90872000.0,71696000.0,62379000.0
R&D Expenses,0.0,0.0,0.0,0.0,0.0,0.0,0.0,0.0,0.0,0.0
SG&A Expense,110459000.0,89015000.0,82492000.0,80824000.0,63558000.0,62875000.0,55036000.0,47135000.0,41130000.0,36989000.0
Operating Expenses,140303000.0,114395000.0,101674000.0,125590000.0,81418000.0,80740000.0,74375000.0,61729000.0,58206000.0,46542000.0
Operating Income,77957000.0,57246000.0,54204000.0,25926000.0,42848000.0,37030000.0,32743000.0,29143000.0,13490000.0,15837000.0
Interest Expense,0.0,0.0,0.0,0.0,0.0,0.0,0.0,0.0,0.0,0.0
Earnings before Tax,77957000.0,57246000.0,54204000.0,25926000.0,42848000.0,37030000.0,32217000.0,29143000.0,13490000.0,15837000.0
Income Tax Expense,14165000.0,34230000.0,18168000.0,9172000.0,15005000.0,12586000.0,11070000.0,9541000.0,4444000.0,5500000.0
Net Income - Non-Controlling int,0.0,0.0,0.0,0.0,0.0,0.0,0.0,0.0,0.0,0.0
Net Income - Discontinued ops,0.0,0.0,0.0,0.0,0.0,0.0,0.0,0.0,0.0,0.0
Net Income,63792000.0,23016000.0,36036000.0,16754000.0,27843000.0,24444000.0,21147000.0,19602000.0,9046000.0,10337000.0
Preferred Dividends,0.0,0.0,0.0,0.0,0.0,0.0,0.0,0.0,0.0,0.0
Net Income Com,63792000.0,23016000.0,36036000.0,16754000.0,27843000.0,24444000.0,21147000.0,19602000.0,9046000.0,10337000.0
EPS,3.15,1.34,2.14,0.96,2.05,1.84,1.62,1.55,0.85,1.18
EPS Diluted,3.13,1.32,2.12,0.94,2.01,1.8,1.6,1.54,0.85,1.18
Weighted Average Shs Out,20250227.0,17063041.0,16913268.0,17168714.0,13732297.0,13586437.0,13399313.0,13087166.0,12191326.0,8783161.0
Weighted Average Shs Out (Dil),20234792.0,17150125.0,16859623.0,17488325.0,13566239.0,13311215.0,13090110.0,12659824.0,10680377.0,8732004.0
Dividend per Share,0.94,0.86,0.82,0.78,0.74,0.69,0.64,0.6,0.56,0.56
Gross Margin,1.0,1.0,1.0,1.0,1.0,1.0,1.0,1.0,1.0,1.0
EBITDA Margin,0.418,0.399,0.427,0.251,0.413,0.395,0.386,0.4,0.249,0.309
EBIT Margin,0.3572,0.3335,0.3477,0.1711,0.3448,0.3144,0.3008,0.3207,0.1882,0.2539
Profit Margin,0.292,0.134,0.231,0.111,0.224,0.208,0.197,0.216,0.126,0.166
Free Cash Flow margin,0.274,0.1435,0.3337,0.2001,0.2593,0.3083,0.2669,0.2632,0.2777,0.2007
EBITDA,91267000.0,68521000.0,66532000.0,37958000.0,51292000.0,46499000.0,41341000.0,36321000.0,17851000.0,19251000.0
EBIT,77957000.0,57246000.0,54204000.0,25926000.0,42848000.0,37030000.0,32217000.0,29143000.0,13490000.0,15837000.0
Consolidated Income,63792000.0,23016000.0,36036000.0,16754000.0,27843000.0,24444000.0,21147000.0,19602000.0,9046000.0,10337000.0
Earnings Before Tax Margin,0.3572,0.3335,0.3477,0.1711,0.3448,0.3144,0.3008,0.3207,0.1882,0.2539
Net Profit Margin,0.2923,0.1341,0.2312,0.1106,0.2241,0.2076,0.1974,0.2157,0.1262,0.1657
