Date,2018-12-31,2017-12-31,2016-12-31,2015-12-31,2014-12-31,2013-12-31,2012-12-31,2011-12-31,2010-12-31,2009-12-31
Revenue,0.0,37000.0,13000.0,0.0,0.0,0.0,0.0,0.0,0.0,0.0
Revenue Growth,-1.0,1.8462,0.0,0.0,0.0,0.0,0.0,0.0,0.0,0.0
Cost of Revenue,0.0,0.0,0.0,0.0,0.0,0.0,0.0,0.0,0.0,0.0
Gross Profit,0.0,37000.0,13000.0,0.0,0.0,0.0,0.0,0.0,0.0,0.0
R&D Expenses,4603000.0,5480000.0,5474000.0,3020000.0,1827000.0,1634590.0,1596582.0,1140802.0,1199438.0,663236.0
SG&A Expense,3379000.0,3523000.0,3014000.0,2465000.0,2715000.0,1634650.0,986097.0,1224813.0,1126991.0,721029.0
Operating Expenses,8590000.0,9003000.0,8488000.0,5485000.0,4542000.0,3269240.0,2582679.0,2365615.0,2326429.0,1973122.0
Operating Income,-8590000.0,-8966000.0,-8475000.0,-5485000.0,-4542000.0,-3269240.0,-2582679.0,-2365615.0,-2326429.0,-1973122.0
Interest Expense,0.0,0.0,0.0,0.0,0.0,0.0,0.0,0.0,0.0,0.0
Earnings before Tax,-8583000.0,-7023000.0,-6750000.0,-5467000.0,-4519000.0,-3266013.0,-2582537.0,-2363344.0,-2081500.0,-1969738.0
Income Tax Expense,0.0,0.0,0.0,0.0,0.0,0.0,0.0,0.0,0.0,0.0
Net Income - Non-Controlling int,0.0,0.0,0.0,0.0,0.0,0.0,0.0,0.0,0.0,0.0
Net Income - Discontinued ops,0.0,0.0,0.0,0.0,0.0,0.0,0.0,0.0,0.0,0.0
Net Income,-8583000.0,-7023000.0,-6750000.0,-5467000.0,-4519000.0,-3266013.0,-2582537.0,-2363344.0,-2081500.0,-1969738.0
Preferred Dividends,0.0,1038000.0,0.0,0.0,0.0,0.0,0.0,0.0,0.0,0.0
Net Income Com,-8583000.0,-8061000.0,-6750000.0,-5467000.0,-4519000.0,-3266013.0,-2582537.0,-2363344.0,-2081500.0,-1969738.0
EPS,-14.38,-15.99,-14.6,-12.0,-10.0,-10.0,-8.0,-8.0,-8.0,-10.0
EPS Diluted,-14.38,-15.99,-14.6,-12.0,-10.0,-10.0,-8.0,-8.0,-8.0,-10.0
Weighted Average Shs Out,680115.0,566952.0,478226.0,448814.0,446189.0,421189.0,311095.0,290331.0,247003.0,213248.0
Weighted Average Shs Out (Dil),597000.0,504000.0,463500.0,448815.0,446410.0,356863.0,296589.0,269221.0,240767.0,211736.0
Dividend per Share,0.0,0.0,0.0,0.0,0.0,0.0,0.0,0.0,0.0,0.0
Gross Margin,0.0,1.0,1.0,0.0,0.0,0.0,0.0,0.0,0.0,0.0
EBITDA Margin,-178.703,-503.538,,,,,,,,
EBIT Margin,0.0,-189.8108,-519.2308,0.0,0.0,0.0,0.0,0.0,0.0,0.0
Profit Margin,-217.865,-519.231,,,,,,,,
Free Cash Flow margin,0.0,-229.5946,-652.7692,0.0,0.0,0.0,0.0,0.0,0.0,0.0
EBITDA,-8157000.0,-6612000.0,-6546000.0,-5265000.0,-4348000.0,-3105388.0,-2397266.0,-2151635.0,-1884232.0,-1786757.0
EBIT,-8583000.0,-7023000.0,-6750000.0,-5467000.0,-4519000.0,-3266013.0,-2582537.0,-2363344.0,-2081500.0,-1969738.0
Consolidated Income,-8583000.0,-7023000.0,-6750000.0,-5467000.0,-4519000.0,-3266013.0,-2582537.0,-2363344.0,-2081500.0,-1969738.0
Earnings Before Tax Margin,0.0,-189.8108,-519.2308,0.0,0.0,0.0,0.0,0.0,0.0,0.0
Net Profit Margin,0.0,-189.8108,-519.2308,0.0,0.0,0.0,0.0,0.0,0.0,0.0
