Date,2018-12-31,2017-12-31,2016-12-31,2015-12-31,2014-12-31,2013-12-31,2012-12-31,2011-12-31,2010-12-31,2009-12-31
Revenue,206186000.0,207456000.0,202507000.0,204168000.0,200022000.0,179180000.0,169287000.0,149197000.0,131731000.0,124713000.0
Revenue Growth,-0.00612178004010489,0.0244386613796066,-0.00813545707456604,0.0207277199508054,0.116318785578748,0.0584392186050908,0.134654182054599,0.13258838086707,0.0562732032747188,0.5636
Cost of Revenue,137863000.0,142198000.0,142908000.0,141972000.0,141312000.0,128919000.0,119261000.0,104011000.0,98064000.0,97230000.0
Gross Profit,68323000.0,65258000.0,59599000.0,62196000.0,58710000.0,50261000.0,50026000.0,45186000.0,33667000.0,27483000.0
R&D Expenses,0.0,0.0,0.0,0.0,0.0,0.0,0.0,0.0,0.0,0.0
SG&A Expense,62572000.0,60463000.0,59224000.0,57932000.0,53000000.0,46461000.0,44890000.0,39742000.0,29938000.0,24911000.0
Operating Expenses,62572000.0,60463000.0,59224000.0,57932000.0,53000000.0,46461000.0,44890000.0,39742000.0,30497000.0,25136000.0
Operating Income,5751000.0,4795000.0,375000.0,4264000.0,5710000.0,3800000.0,5136000.0,5444000.0,3170000.0,2347000.0
Interest Expense,614000.0,715000.0,709000.0,572000.0,431000.0,464000.0,663000.0,918000.0,1497000.0,2139000.0
Earnings before Tax,5429000.0,4041000.0,-306000.0,3718000.0,5099000.0,3263000.0,4477000.0,15692000.0,2786000.0,1073000.0
Income Tax Expense,1287000.0,-5482000.0,14000.0,1500000.0,2022000.0,1304000.0,1951000.0,6041000.0,1100000.0,186000.0
Net Income - Non-Controlling int,0.0,0.0,0.0,0.0,0.0,0.0,0.0,0.0,0.0,0.0
Net Income - Discontinued ops,0.0,0.0,0.0,0.0,0.0,0.0,0.0,0.0,0.0,0.0
Net Income,4142000.0,9523000.0,-320000.0,2218000.0,3077000.0,1959000.0,2526000.0,9651000.0,1686000.0,887000.0
Preferred Dividends,0.0,0.0,0.0,0.0,0.0,0.0,0.0,0.0,0.0,0.0
Net Income Com,4142000.0,9523000.0,-320000.0,2218000.0,3077000.0,1959000.0,2526000.0,9651000.0,1686000.0,887000.0
EPS,0.21,0.49,-0.02,0.12,0.16,0.1,0.13,0.51,0.1,0.05
EPS Diluted,0.21,0.49,-0.02,0.12,0.16,0.1,0.13,0.51,0.1,0.05
Weighted Average Shs Out,19349000.0,19284000.0,19225000.0,19152000.0,19038000.0,18923000.0,18862000.0,18834000.0,18819053.0,17074063.0
Weighted Average Shs Out (Dil),19557000.0,19447000.0,19225000.0,19175000.0,19126000.0,19042000.0,18934000.0,18931000.0,17523000.0,17004000.0
Dividend per Share,0.0,0.0,0.0,0.0,0.0,0.0,0.0,0.0,0.0,0.0
Gross Margin,0.331365854132,0.314563088077,0.294305875846,0.304631479958,0.293517713052,0.28050563679,0.295509991907,0.302861317587,0.2556,0.2204
EBITDA Margin,0.0793603833432,0.0735192040722,0.0554894398712,0.0685024097802,0.0717821039686,0.0667708449604,0.0738686372846,0.0847738225299,0.086,0.084
EBIT Margin,0.0278922914262,0.0231133348758,0.00185178783943,0.0208847615689,0.0285468598454,0.0212077240763,0.0303390100835,0.0364886693432,0.0325,0.0258
Profit Margin,0.0200886578138,0.0459037097023,-0.00158019228965,0.0108636025234,0.0153833078361,0.0109331398594,0.0149214056602,0.0646862872578,0.013,0.007
Free Cash Flow margin,0.00228919519269,-0.00753894801789,-0.0408775992929,-0.0200374201638,-0.0293567707552,-0.00801986828887,0.0234335772977,-0.0117964838435,0.0477,0.0544
EBITDA,16363000.0,15252000.0,11237000.0,13986000.0,14358000.0,11964000.0,12505000.0,12648000.0,11327000.0,10525000.0
EBIT,5751000.0,4795000.0,375000.0,4264000.0,5710000.0,3800000.0,5136000.0,5444000.0,4283000.0,3212000.0
Consolidated Income,4142000.0,9523000.0,-320000.0,2218000.0,3077000.0,1959000.0,2526000.0,9651000.0,1686000.0,887000.0
Earnings Before Tax Margin,0.0263305947058,0.0194788292457,-0.00151105887698,0.0182104933192,0.0254921958585,0.0182107378056,0.0264462126448,0.105176377541,0.0211,0.0086
Net Profit Margin,0.0200886578138,0.0459037097023,-0.00158019228965,0.0108636025234,0.0153833078361,0.0109331398594,0.0149214056602,0.0646862872578,0.0128,0.0071
