date,,2020-12-31_FY,2019-12-31_FY,2018-12-31_FY,2017-12-31_FY,2016-12-31_FY,2015-12-31_FY,2014-12-31_FY,2013-12-31_FY,2012-12-31_FY,2011-12-31_FY,2010-12-31_FY,2009-12-31_FY
,revenue,219848000.0,209971000.0,184716000.0,123184000.0,77051000.0,44255000.0,30363000.0,8884746.0,3407989.0,0.0,0.0,0.0
,costOfRevenue,76301000.0,74449000.0,67997000.0,47954000.0,29870000.0,17851000.0,13213000.0,3425460.0,1115247.0,0.0,0.0,0.0
,grossProfit,143547000.0,135522000.0,116719000.0,75230000.0,47181000.0,26404000.0,17150000.0,5459286.0,2292742.0,0.0,0.0,0.0
,grossProfitRatio,0.65293748407991,0.645431988226946,0.631883540137292,0.610712430185738,0.612334687414829,0.596633148796746,0.564832197081975,0.614456057607049,0.672755105723639,0.0,0.0,0.0
,,,,,,,,,,,,,,,,,,,,,,,,,,,,,,,,,,,,,,,,,,,,,,,,,,,,,,,,,,,,,,,,,,,,,,,,,,,,,,,,,,,,,,,,,,,,,,,,,,,,,
COST And EXPENSES,,,,,,,,,,,,,,,,,,,,,,,,,,,,,,,,,,,,,,,,,,,,,,,,,,,,,,,,,,,,,,,,,,,,,,,,,,,,,,,,,,,,,,,,,,,,,,,,,,,,,
,ResearchAndDevelopmentExpenses,0.0,0.0,0.0,0.0,0.0,0.0,0.0,0.0,0.0,0.0,0.0,0.0
,GeneralAndAdministrativeExpenses,29129000.0,27452000.0,23944000.0,67006000.0,12436000.0,8293000.0,3698000.0,2832623.0,2227529.0,3895104.0,538127.0,100000.0
,SellingAndMarketingExpenses,0.0,0.0,0.0,0.0,0.0,0.0,0.0,0.0,0.0,0.0,0.0,0.0
,otherExpenses,0.0,0.0,0.0,0.0,0.0,0.0,0.0,0.0,0.0,0.0,0.0,0.0
,operatingExpenses,124950000.0,97904000.0,86627000.0,115630000.0,43623000.0,24519000.0,16745000.0,6937312.0,4279200.0,3895104.0,538127.0,400000.0
,costAndExpenses,201251000.0,172353000.0,154624000.0,163584000.0,73493000.0,42370000.0,29958000.0,10362772.0,5394447.0,3895104.0,538127.0,400000.0
,interestExpense,55994000.0,59554000.0,52998000.0,31520000.0,19915000.0,11366000.0,8019000.0,3889142.0,956977.0,346562.0,258753.0,0.0
,,,,,,,,,,,,,,,,,,,,,,,,,,,,,,,,,,,,,,,,,,,,,,,,,,,,,,,,,,,,,,,,,,,,,,,,,,,,,,,,,,,,,,,,,,,,,,,,,,,,,
EBITDA,,,,,,,,,,,,,,,,,,,,,,,,,,,,,,,,,,,,,,,,,,,,,,,,,,,,,,,,,,,,,,,,,,,,,,,,,,,,,,,,,,,,,,,,,,,,,,,,,,,,,
,depreciationAndAmortization,79452000.0,70452000.0,62683000.0,48624000.0,31187000.0,16226000.0,13047000.0,4104689.0,2051671.0,0.0,0.0,0.0
,EBITDA,98049000.0,108070000.0,92775000.0,8224000.0,34745000.0,18111000.0,13452000.0,2626663.0,65213.0,-3968769.0,-1685351.0,-400000.0
,EBITDARatio,0.445985408100142,0.514690123874249,0.50225751965179,0.0667619171320951,0.45093509493712,0.409241893571348,0.443039225372987,0.295637376690341,0.0191353317161528,0.0,0.0,0.0
,,,,,,,,,,,,,,,,,,,,,,,,,,,,,,,,,,,,,,,,,,,,,,,,,,,,,,,,,,,,,,,,,,,,,,,,,,,,,,,,,,,,,,,,,,,,,,,,,,,,,
INCOME,,,,,,,,,,,,,,,,,,,,,,,,,,,,,,,,,,,,,,,,,,,,,,,,,,,,,,,,,,,,,,,,,,,,,,,,,,,,,,,,,,,,,,,,,,,,,,,,,,,,,
,operatingIncome,18597000.0,37618000.0,30092000.0,-40400000.0,3558000.0,1885000.0,405000.0,-1478026.0,-1986458.0,-3895104.0,-538127.0,-400000.0
,operatingIncomeRatio,0.0845902623630872,0.179158074210248,0.162909547629875,-0.327964670736459,0.046177207304253,0.0425940571686815,0.0133386029048513,-0.16635545912061,-0.582882749914979,0.0,0.0,0.0
,totalOtherIncomeExpensesNet,3874000.0,8499000.0,45367000.0,-33372000.0,6532000.0,-5758000.0,7079000.0,2578981.0,-8747175.0,420227.0,1768743.0,0.0
,incomeBeforeTax,14723000.0,29119000.0,-15275000.0,-7028000.0,-2974000.0,7643000.0,-6674000.0,-4057007.0,6760717.0,-4315331.0,-2306870.0,-400000.0
,incomeBeforeTaxRatio,0.0669689967613988,0.138681055955346,-0.0826945148227549,-0.0570528640083128,-0.0385978118389119,0.172703649305163,-0.219807001943155,-0.456626109513992,1.98378486550279,0.0,0.0,0.0
,incomeTaxExpense,0.0,0.0,0.0,0.0,0.0,0.0,0.0,0.0,0.0,0.0,0.0,0.0
,netIncome,30640000.0,36743000.0,-1152000.0,-15645000.0,-4329000.0,1788000.0,-5172000.0,-2971001.0,3920841.0,-4315331.0,-2306870.0,-400000.0
,netIncomeRatio,0.139369018594665,0.174990832067285,-0.00623660105242643,-0.127005130536433,-0.0561835667285305,0.0404022144390464,-0.170338899318249,-0.334393464934169,1.15048522750514,0.0,0.0,0.0
,,,,,,,,,,,,,,,,,,,,,,,,,,,,,,,,,,,,,,,,,,,,,,,,,,,,,,,,,,,,,,,,,,,,,,,,,,,,,,,,,,,,,,,,,,,,,,,,,,,,,
EPS,,,,,,,,,,,,,,,,,,,,,,,,,,,,,,,,,,,,,,,,,,,,,,,,,,,,,,,,,,,,,,,,,,,,,,,,,,,,,,,,,,,,,,,,,,,,,,,,,,,,,
,EPS,1.35280584913689,-0.91,-1.82,-1.79,-0.970231,0.032471,-0.60195,-0.94,0.595451,-0.777185,-0.41719,-0.07407
,EPSDiluted,1.35280584913689,-0.91,-1.82,-1.79,-0.970231,0.032471,-0.60195,-0.94,0.595451,-0.777185,-0.41719,-0.07407
,weightedAverageShsOut,23378695.0,22649222.0,23845800.0,25561673.0,19567506.0,19555741.0,8592077.0,5556633.0,5556633.0,5556633.0,5556633.0,5400000.0
,weightedAverageShsOutDil,23378695.0,22649222.0,23845800.0,25561673.0,19567506.0,19555741.0,8592077.0,5556633.0,5556633.0,5556633.0,5556633.0,5400000.0
