date,,2020-09-30_FY,2019-09-30_FY,2018-09-30_FY,2017-09-30_FY,2016-09-30_FY,2015-09-30_FY,2014-09-30_FY,2013-09-30_FY,2012-09-30_FY,2011-09-30_FY,2010-09-30_FY,2009-09-30_FY,2008-09-30_FY,2007-09-30_FY,2006-09-30_FY,2005-09-30_FY,2004-09-30_FY,2003-09-30_FY,2002-09-30_FY,2001-09-30_FY,2000-09-30_FY,1999-09-30_FY,1998-09-30_FY,1997-09-30_FY,1996-09-30_FY,1995-09-30_FY,1994-09-30_FY
,revenue,897273000.0,780848000.0,631560000.0,692885000.0,560323000.0,552708000.0,482848000.0,450952000.0,519451000.0,688105000.0,592972000.0,218706000.0,526366000.0,743258000.0,692870000.0,463746000.0,539769000.0,343610000.0,304254000.0,381716000.0,321099000.0,103900000.0,99900000.0,86400000.0,90400000.0,45700000.0,24000000.0
,costOfRevenue,517249000.0,464588000.0,385479000.0,425481000.0,362242000.0,363603000.0,315511000.0,304970000.0,345965000.0,465084000.0,426677000.0,224702000.0,399538000.0,523663000.0,448086000.0,300944000.0,335445000.0,239944000.0,221210000.0,229332000.0,159657000.0,47800000.0,64300000.0,53600000.0,49500000.0,26100000.0,14200000.0
,grossProfit,380024000.0,316260000.0,246081000.0,267404000.0,198081000.0,189105000.0,167337000.0,145982000.0,173486000.0,223021000.0,166295000.0,-5996000.0,126828000.0,219595000.0,244784000.0,162802000.0,204324000.0,103666000.0,83044000.0,152384000.0,161442000.0,56100000.0,35600000.0,32800000.0,40900000.0,19600000.0,9800000.0
,grossProfitRatio,0.423532191428919,0.405021207712641,0.389639939198176,0.385928400816874,0.353512170658709,0.342142686554202,0.346562479289549,0.323719597651191,0.333979528386701,0.324108965928165,0.280443258703615,-0.0274158002066701,0.240950213349646,0.295449224899026,0.353289938949586,0.351058553604775,0.378539708653146,0.301696691015977,0.272943001571056,0.399207787988976,0.502779516597685,0.539942252165544,0.356356356356356,0.37962962962963,0.452433628318584,0.428884026258206,0.408333333333333
,,,,,,,,,,,,,,,,,,,,,,,,,,,,,,,,,,,,,,,,,,,,,,,,,,,,,,,,,,,,,,,,,,,,,,,,,,,,,,,,,,,,,,,,,,,,,,,,,,,,,
COST And EXPENSES,,,,,,,,,,,,,,,,,,,,,,,,,,,,,,,,,,,,,,,,,,,,,,,,,,,,,,,,,,,,,,,,,,,,,,,,,,,,,,,,,,,,,,,,,,,,,,,,,,,,,
,ResearchAndDevelopmentExpenses,59063000.0,56368000.0,46936000.0,47004000.0,51543000.0,52232000.0,52649000.0,48991000.0,47464000.0,39846000.0,31162000.0,31607000.0,42924000.0,51715000.0,70671000.0,62771000.0,67133000.0,72894000.0,75055000.0,60868000.0,42950000.0,22400000.0,22700000.0,14200000.0,12400000.0,0.0,0.0
,GeneralAndAdministrativeExpenses,241137000.0,211960000.0,167022000.0,153061000.0,130261000.0,115270000.0,111098000.0,99545000.0,110160000.0,102542000.0,85597000.0,91231000.0,110516000.0,120421000.0,141032000.0,83152000.0,96768000.0,98308000.0,101205000.0,95919000.0,70856000.0,31600000.0,26500000.0,12800000.0,12400000.0,11800000.0,6500000.0
,SellingAndMarketingExpenses,0.0,0.0,0.0,0.0,0.0,0.0,0.0,0.0,0.0,0.0,0.0,0.0,0.0,0.0,0.0,0.0,0.0,0.0,0.0,0.0,0.0,0.0,0.0,0.0,0.0,0.0,0.0
,otherExpenses,-1391000.0,-1455000.0,-3304000.0,-645000.0,-579000.0,421000.0,256000.0,1227000.0,0.0,0.0,0.0,0.0,0.0,0.0,0.0,0.0,0.0,0.0,0.0,0.0,0.0,0.0,0.0,0.0,0.0,0.0,0.0
,operatingExpenses,300200000.0,268328000.0,213958000.0,200065000.0,181804000.0,167502000.0,163747000.0,148536000.0,157624000.0,142388000.0,116759000.0,122838000.0,357010000.0,172136000.0,211703000.0,149023000.0,167564000.0,215807000.0,675830000.0,186974000.0,144019000.0,64400000.0,57300000.0,31800000.0,27900000.0,13000000.0,7300000.0
,costAndExpenses,817449000.0,732916000.0,599437000.0,625546000.0,544046000.0,531105000.0,479258000.0,453506000.0,503589000.0,607472000.0,543436000.0,347540000.0,756548000.0,695799000.0,659789000.0,449967000.0,503009000.0,455751000.0,897040000.0,416306000.0,303676000.0,112200000.0,121600000.0,85400000.0,77400000.0,39100000.0,21500000.0
,interestExpense,2944000.0,22250000.0,9520000.0,408000.0,157000.0,395000.0,202000.0,2000.0,14000.0,65000.0,80000.0,454000.0,0.0,0.0,0.0,0.0,0.0,0.0,0.0,0.0,0.0,0.0,0.0,0.0,0.0,0.0,0.0
,,,,,,,,,,,,,,,,,,,,,,,,,,,,,,,,,,,,,,,,,,,,,,,,,,,,,,,,,,,,,,,,,,,,,,,,,,,,,,,,,,,,,,,,,,,,,,,,,,,,,
EBITDA,,,,,,,,,,,,,,,,,,,,,,,,,,,,,,,,,,,,,,,,,,,,,,,,,,,,,,,,,,,,,,,,,,,,,,,,,,,,,,,,,,,,,,,,,,,,,,,,,,,,,
,depreciationAndAmortization,65496000.0,54454000.0,37429000.0,28149000.0,28046000.0,25160000.0,23459000.0,24155000.0,21620000.0,17249000.0,18420000.0,25856000.0,34538000.0,32801000.0,33901000.0,3100000.0,3663000.0,44605000.0,499570000.0,30187000.0,30213000.0,10400000.0,8100000.0,4800000.0,3100000.0,1200000.0,800000.0
,EBITDA,145320000.0,102386000.0,69552000.0,95488000.0,44323000.0,46763000.0,27049000.0,21601000.0,37482000.0,97882000.0,67956000.0,-102978000.0,-195644000.0,80260000.0,66982000.0,16879000.0,40423000.0,-67536000.0,-93216000.0,-4403000.0,47636000.0,2100000.0,-13600000.0,5800000.0,16100000.0,7800000.0,3300000.0
,EBITDARatio,0.161957397581338,0.131121549904719,0.110127303819115,0.137812191056236,0.0791025890423916,0.0846070619567656,0.0560196997812976,0.0479008852383402,0.0721569503187019,0.142248639379165,0.114602375828876,-0.47085127980028,-0.371688140951353,0.107984037844194,0.0966732576096526,0.0363970794357256,0.0748894434471042,-0.196548412444341,-0.306375594076002,-0.011534753586436,0.148353000165058,0.0202117420596728,-0.136136136136136,0.0671296296296296,0.178097345132743,0.170678336980306,0.1375
,,,,,,,,,,,,,,,,,,,,,,,,,,,,,,,,,,,,,,,,,,,,,,,,,,,,,,,,,,,,,,,,,,,,,,,,,,,,,,,,,,,,,,,,,,,,,,,,,,,,,
INCOME,,,,,,,,,,,,,,,,,,,,,,,,,,,,,,,,,,,,,,,,,,,,,,,,,,,,,,,,,,,,,,,,,,,,,,,,,,,,,,,,,,,,,,,,,,,,,,,,,,,,,
,operatingIncome,79824000.0,47932000.0,32123000.0,67339000.0,16277000.0,21603000.0,3590000.0,-2554000.0,15862000.0,80633000.0,49536000.0,-128834000.0,-230182000.0,47459000.0,33081000.0,13779000.0,36760000.0,-112141000.0,-592786000.0,-34590000.0,17423000.0,-8300000.0,-21700000.0,1000000.0,13000000.0,6600000.0,2500000.0
,operatingIncomeRatio,0.0889628908927383,0.0613845460320062,0.0508629425549433,0.0971864017838458,0.0290493161979787,0.0390857378579648,0.00743505202465372,-0.00566357395022087,0.0305360852130422,0.117181244141519,0.0835385144661131,-0.589073916582078,-0.437304081190654,0.0638526595071967,0.0477448872082786,0.0297123856593911,0.0681032071126723,-0.326361281685632,-1.94832606966548,-0.090617108007,0.0542605240128434,-0.0798845043310876,-0.217217217217217,0.0115740740740741,0.143805309734513,0.144420131291028,0.104166666666667
,totalOtherIncomeExpensesNet,-2757000.0,-17688000.0,-4018000.0,-2024000.0,-12618000.0,-4292000.0,-6033000.0,-5238000.0,-5641000.0,45855000.0,5487000.0,-100410000.0,-215829000.0,-2117000.0,-7505000.0,-14790000.0,-6267000.0,-62524000.0,-34176000.0,-10404000.0,-580000.0,-3300000.0,-100000.0,100000.0,300000.0,500000.0,0.0
,incomeBeforeTax,74972000.0,9443000.0,20466000.0,65371000.0,3954000.0,17815000.0,-1695000.0,-6762000.0,11420000.0,127576000.0,56064000.0,-226917000.0,-236152000.0,55636000.0,29907000.0,-1196000.0,25985000.0,-180854000.0,-627412000.0,-36099000.0,25506000.0,-8900000.0,-22700000.0,400000.0,13000000.0,6700000.0,2200000.0
,incomeBeforeTaxRatio,0.0835553950692822,0.0120932627092597,0.0324054721641649,0.0943461036102672,0.00705664411419842,0.032232209412565,-0.00351042149910531,-0.0149949440295198,0.021984749283378,0.185401937204351,0.0945474659849032,-1.03754355161724,-0.448645999171679,0.0748542228943382,0.0431639412876874,-0.00257899798596646,0.0481409640049725,-0.526335089199965,-2.06213229735681,-0.0945703088159784,0.079433445759719,-0.0856592877767084,-0.227227227227227,0.00462962962962963,0.143805309734513,0.146608315098468,0.0916666666666667
,incomeTaxExpense,9937000.0,-111000.0,-47251000.0,12140000.0,75810000.0,3430000.0,-1980000.0,-2170000.0,-123282000.0,1954000.0,-2746000.0,643000.0,1233000.0,2287000.0,4732000.0,5204000.0,8053000.0,4906000.0,92816000.0,-6439000.0,12753000.0,-1000000.0,-4300000.0,-400000.0,4500000.0,2100000.0,700000.0
,netIncome,64853000.0,437416000.0,116575000.0,62612000.0,-69476000.0,14221000.0,31361000.0,-2215000.0,136789000.0,128352000.0,58982000.0,-227858000.0,-235946000.0,151472000.0,25930000.0,-10057000.0,17721000.0,-185760000.0,-719954000.0,-29660000.0,12753000.0,-7900000.0,-18400000.0,800000.0,8500000.0,4600000.0,1500000.0
,netIncomeRatio,0.0722778908983108,0.560180726594677,0.184582620811958,0.0903642018516781,-0.123992768456765,0.0257296800480543,0.064950046391411,-0.00491183097092373,0.263333788942557,0.186529672070396,0.099468440331078,-1.04184613133613,-0.448254636507677,0.203794644659055,0.0374240478011748,-0.0216864404221276,0.0328307109152248,-0.540612904164605,-2.36629263707297,-0.0777017468484423,0.0397167228798595,-0.0760346487006737,-0.184184184184184,0.00925925925925926,0.0940265486725664,0.100656455142232,0.0625
,,,,,,,,,,,,,,,,,,,,,,,,,,,,,,,,,,,,,,,,,,,,,,,,,,,,,,,,,,,,,,,,,,,,,,,,,,,,,,,,,,,,,,,,,,,,,,,,,,,,,
EPS,,,,,,,,,,,,,,,,,,,,,,,,,,,,,,,,,,,,,,,,,,,,,,,,,,,,,,,,,,,,,,,,,,,,,,,,,,,,,,,,,,,,,,,,,,,,,,,,,,,,,
,EPS,0.881669997416969,6.08,1.65,0.9,-1.01,0.210959635667769,0.47,-0.03,2.1,1.99,0.924816156294589,-3.62,-3.66,2.06,0.358530481312999,-0.22,0.412058782495466,-5.05,-27.9,-1.65,0.84,-0.76,-1.84,0.1,1.04,0.72,0.32
,EPSDiluted,0.878171970209885,6.05,1.64,0.89,-1.01,0.207457439204073,0.46,-0.03,2.08,1.97,0.919094960575934,-3.62,-3.66,2.04,0.357492451711635,-0.22,0.407669833674573,-5.05,-27.9,-1.65,0.78,-0.76,-1.84,0.1,1.04,0.72,0.32
,weightedAverageShsOut,73557000.0,71992000.0,70489000.0,69575000.0,68507000.0,67411000.0,66648000.0,65912000.0,65128000.0,64549000.0,63777000.0,62911000.0,64542000.0,73492000.0,72323000.0,44919000.0,43006000.0,36774000.0,25807000.0,18015000.0,15224000.0,11192000.0,10269000.0,8435000.0,8199000.0,6388889.0,4687500.0
,weightedAverageShsOutDil,73850000.0,72386000.0,70937000.0,70485000.0,68507000.0,68549000.0,67644000.0,65912000.0,65722000.0,65003000.0,64174000.0,62911000.0,64542000.0,74074000.0,72533000.0,44919000.0,43469000.0,36774000.0,25807000.0,18015000.0,16351000.0,11192000.0,10269000.0,8435000.0,8199000.0,6388889.0,4687500.0
