date,,2020-12-31_FY,2019-12-31_FY,2018-12-31_FY,2017-12-31_FY,2016-12-31_FY,2015-12-31_FY,2014-12-31_FY,2013-12-31_FY,2012-12-31_FY,2011-12-31_FY,2010-12-31_FY,2009-12-31_FY,2008-12-31_FY,2007-12-31_FY,2006-12-31_FY,2005-12-31_FY,2004-12-31_FY,2003-12-31_FY,2002-12-31_FY,2001-12-31_FY,2000-12-31_FY,1999-12-31_FY,1998-12-31_FY
,revenue,2041114000000.0,1909489000000.0,1824188000000.0,1791889000000.0,1673188000000.0,1635847000000.0,1650232000000.0,1505903000000.0,1384480000000.0,1448287000000.0,1342897000000.0,1365435000000.0,1223188000000.0,1179496020371.16,929963253280.56,804263647752.8,748201672652.28,676803209272.56,736985595789.6,363516191500.0,284020036602.55,269604026007.66,254726124735.0
,costOfRevenue,0.0,0.0,0.0,0.0,0.0,0.0,0.0,0.0,0.0,0.0,0.0,0.0,0.0,0.0,0.0,0.0,0.0,0.0,0.0,0.0,0.0,0.0,0.0
,grossProfit,0.0,0.0,0.0,0.0,0.0,0.0,0.0,0.0,0.0,0.0,0.0,0.0,0.0,0.0,0.0,0.0,0.0,0.0,0.0,0.0,0.0,0.0,0.0
,grossProfitRatio,0.0,0.0,0.0,0.0,0.0,0.0,0.0,0.0,0.0,0.0,0.0,0.0,0.0,0.0,0.0,0.0,0.0,0.0,0.0,0.0,0.0,0.0,0.0
,,,,,,,,,,,,,,,,,,,,,,,,,,,,,,,,,,,,,,,,,,,,,,,,,,,,,,,,,,,,,,,,,,,,,,,,,,,,,,,,,,,,,,,,,,,,,,,,,,,,,
COST And EXPENSES,,,,,,,,,,,,,,,,,,,,,,,,,,,,,,,,,,,,,,,,,,,,,,,,,,,,,,,,,,,,,,,,,,,,,,,,,,,,,,,,,,,,,,,,,,,,,,,,,,,,,
,ResearchAndDevelopmentExpenses,0.0,0.0,0.0,0.0,0.0,0.0,0.0,0.0,0.0,0.0,0.0,0.0,0.0,0.0,0.0,0.0,0.0,0.0,0.0,0.0,0.0,0.0,0.0
,GeneralAndAdministrativeExpenses,628915000000.0,601052000000.0,619424000000.0,618550000000.0,609628000000.0,588492000000.0,525896000000.0,477942000000.0,463513000000.0,447438000000.0,397608000000.0,361196000000.0,371111000000.0,176175797475.17,159139509175.04,139415551329.7,131993334389.28,125134958162.64,149190202743.6,81295439190.0,125844877932.35,75565908648.72,66408142890.0
,SellingAndMarketingExpenses,16791000000.0,20891000000.0,19286000000.0,18877000000.0,17844000000.0,18483000000.0,16419000000.0,15800000000.0,16899000000.0,85205000000.0,0.0,61795000000.0,0.0,0.0,0.0,0.0,0.0,0.0,0.0,0.0,0.0,0.0,0.0
,otherExpenses,0.0,0.0,0.0,3963000000.0,3012000000.0,2588000000.0,2165000000.0,79544000000.0,267000000.0,-170857000000.0,-1171000000.0,0.0,0.0,0.0,0.0,0.0,0.0,0.0,0.0,0.0,0.0,0.0,0.0
,operatingExpenses,0.0,2836000000.0,3034000000.0,2705000000.0,2536000000.0,2751000000.0,3517000000.0,3557000000.0,3768000000.0,3567000000.0,2439000000.0,2012000000.0,3069000000.0,2935000000.0,1886000000.0,1440000000.0,0.0,0.0,0.0,0.0,0.0,0.0,0.0
,costAndExpenses,0.0,0.0,0.0,0.0,0.0,0.0,0.0,0.0,0.0,0.0,0.0,0.0,0.0,0.0,0.0,0.0,0.0,0.0,0.0,0.0,0.0,0.0,0.0
,interestExpense,638479000000.0,904417000000.0,829949000000.0,731755000000.0,855678000000.0,830782000000.0,909914000000.0,794442000000.0,848219000000.0,796435000000.0,473264000000.0,351262000000.0,1164071000000.0,840295819892.58,554567621850.08,440408343025.38,312920558058.92,308340070800.96,517940925712.2,327164572350.0,379696625800.5,333195874186.41,424866695205.0
,,,,,,,,,,,,,,,,,,,,,,,,,,,,,,,,,,,,,,,,,,,,,,,,,,,,,,,,,,,,,,,,,,,,,,,,,,,,,,,,,,,,,,,,,,,,,,,,,,,,,
EBITDA,,,,,,,,,,,,,,,,,,,,,,,,,,,,,,,,,,,,,,,,,,,,,,,,,,,,,,,,,,,,,,,,,,,,,,,,,,,,,,,,,,,,,,,,,,,,,,,,,,,,,
,depreciationAndAmortization,109426000000.0,106092000000.0,79280000000.0,77823000000.0,65359000000.0,53614000000.0,44172000000.0,61074000000.0,56369000000.0,53466000000.0,49403000000.0,46623000000.0,51944000000.0,45063745189.36,38472310741.36,39303295670.62,38429444751.88,39834125970.32,39799712086.2,16523463250.0,13190612583.4,13653255828.33,11245758504.0
,EBITDA,0.0,0.0,0.0,0.0,644183000000.0,578468000000.0,643870000000.0,520058000000.0,499966000000.0,0.0,607595000000.0,1193123000000.0,793306000000.0,411104085211.09,381150157488.0,329381051293.48,281454446696.08,288602853237.6,226829252262.9,132187706000.0,102093876026.3,0.0,81289383669.0
,EBITDARatio,0.0,0.0,0.0,0.0,0.385003358857463,0.353619867872729,0.390169382244436,0.345346280603731,0.361121865249047,0.0,0.452450932573384,0.873804318770209,0.64855606824135,0.348542155387455,0.409855073459565,0.409543626911158,0.376174575630605,0.426420633477485,0.307779763347854,0.363636363636364,0.359460118544972,0.0,0.319124643196955
,,,,,,,,,,,,,,,,,,,,,,,,,,,,,,,,,,,,,,,,,,,,,,,,,,,,,,,,,,,,,,,,,,,,,,,,,,,,,,,,,,,,,,,,,,,,,,,,,,,,,
INCOME,,,,,,,,,,,,,,,,,,,,,,,,,,,,,,,,,,,,,,,,,,,,,,,,,,,,,,,,,,,,,,,,,,,,,,,,,,,,,,,,,,,,,,,,,,,,,,,,,,,,,
,operatingIncome,0.0,0.0,0.0,0.0,578824000000.0,524854000000.0,599698000000.0,458984000000.0,443597000000.0,0.0,558192000000.0,1146500000000.0,741362000000.0,366040340021.73,342677846746.64,290077755622.86,243025001944.2,248768727267.28,187029540176.7,115664242750.0,88903263442.9,0.0,70043625165.0
,operatingIncomeRatio,0.340629185826955,0.416178359760124,0.42037169414556,0.40196686290278,0.3459408028267,0.320845409136674,0.363402236776405,0.304789883544956,0.320406939789668,0.33408916879044,0.415662556398592,0.839659156239587,0.606089987802366,0.310336223013746,0.368485362768692,0.36067495582247,0.324812160714246,0.367564343459099,0.25377638483737,0.318181818181818,0.313017576176532,0.167747927474366,0.274976213130352
,totalOtherIncomeExpensesNet,0.0,0.0,0.0,0.0,0.0,0.0,0.0,0.0,0.0,0.0,0.0,0.0,0.0,0.0,0.0,0.0,0.0,0.0,0.0,0.0,0.0,0.0,0.0
,incomeBeforeTax,695263000000.0,794688000000.0,766837000000.0,720280000000.0,587463000000.0,528124000000.0,626940000000.0,538959000000.0,405512000000.0,483857000000.0,592815000000.0,525534000000.0,394745000000.0,363984563121.57,342527154521.76,289944902893.38,242842779720.52,248609987671.84,186845102135.1,115664242750.0,88867201622.35,45225516601.53,69995152068.0
,incomeBeforeTaxRatio,0.340629185826955,0.416178359760124,0.42037169414556,0.40196686290278,0.351104000267752,0.322844373587505,0.379910218684403,0.357897553826508,0.292898416734081,0.33408916879044,0.441444876263779,0.384883938085665,0.322718175783281,0.308593294793002,0.36832332171562,0.360509770276846,0.324568613779856,0.367329800251761,0.253526124801552,0.318181818181818,0.312890606893021,0.167747927474366,0.274785918173168
,incomeTaxExpense,142533000000.0,175074000000.0,167144000000.0,145031000000.0,109031000000.0,76395000000.0,51050000000.0,94530000000.0,44394000000.0,77193000000.0,85343000000.0,88924000000.0,63728000000.0,55196215346.98,57986687622.64,49898043380.12,45565555920.08,43322829888.08,27744956961.0,-3304692650.0,398969665.45,-5464266862.86,387784776.0
,netIncome,547614000000.0,619091000000.0,595333000000.0,562801000000.0,476067000000.0,448466000000.0,569910000000.0,442294000000.0,356493000000.0,401733000000.0,505393000000.0,431557000000.0,328146000000.0,308788347774.59,284540466899.12,240046859513.26,197277223800.44,205287157783.76,159100145174.1,118968935400.0,88468231956.9,50689783464.39,69607367292.0
,netIncomeRatio,0.268291726968704,0.324218154700027,0.326355068666168,0.314082512923513,0.28452690313342,0.27414911052195,0.345351441494287,0.293706832378978,0.257492343695828,0.277384938206309,0.376345319112337,0.316058252498288,0.26827110795724,0.261796854284783,0.305969580943514,0.29846787205163,0.263668514801788,0.303318830305793,0.215879585819641,0.327272727272727,0.311485883232598,0.188015676972679,0.273263558515699
,,,,,,,,,,,,,,,,,,,,,,,,,,,,,,,,,,,,,,,,,,,,,,,,,,,,,,,,,,,,,,,,,,,,,,,,,,,,,,,,,,,,,,,,,,,,,,,,,,,,,
EPS,,,,,,,,,,,,,,,,,,,,,,,,,,,,,,,,,,,,,,,,,,,,,,,,,,,,,,,,,,,,,,,,,,,,,,,,,,,,,,,,,,,,,,,,,,,,,,,,,,,,,
,EPS,1162.37783030943,1314.0,1256.384541,1198.8,1002.8,952.8,1168.0,938.0,823.6,923.519116,1012.81997,292.0,696.530104,655.441206317541,603.97210003098,509.528951807992,418.745145270589,435.747214261818,345.244959,480.105748,227.590156,207.940711,281.72564
,EPSDiluted,1162.37783030943,1314.0,1256.384541,1198.8,1002.8,952.8,1168.0,938.0,823.6,923.519116,1012.81997,292.0,696.530104,655.342094424586,603.972098748975,509.527742651599,418.744151552043,435.746180195887,345.244959,480.105748,227.590156,207.940711,281.72564
,weightedAverageShsOut,471115317.0,471115317.0,471115316.0,471115317.0,471115317.0,471115317.0,471115317.0,471115317.0,471115317.0,471115316.0,471115316.0,471124503.0,430000000.0,471115250.0,471115250.0,471115250.0,471115250.0,471115250.0,471115250.0,247335542.0,256981065.0,247336548.0,247075017.0
,weightedAverageShsOutDil,471115317.0,471115317.0,471115316.0,471115317.0,471115317.0,471115317.0,471115317.0,471115317.0,471115317.0,471115316.0,471115316.0,471124503.0,430000000.0,471186500.0,471115251.0,471116368.0,471116368.0,471116368.0,471115250.0,247335542.0,256981065.0,247336548.0,247075017.0
