Date,2018-12-31,2017-12-31,2016-12-31,2015-12-31,2014-12-31,2013-12-31,2012-12-31,2011-12-31,2010-12-31,2009-12-31
Revenue,109608000.0,98620000.0,84420000.0,77841000.0,67806000.0,61277000.0,54497000.0,55949000.0,58767000.0,53674000.0
Revenue Growth,0.1114,0.1682,0.0845,0.148,0.1065,0.1244,-0.026,-0.048,0.0949,0.01
Cost of Revenue,0.0,0.0,0.0,0.0,0.0,0.0,0.0,0.0,0.0,0.0
Gross Profit,109608000.0,98620000.0,84420000.0,77841000.0,67806000.0,61277000.0,54497000.0,55949000.0,58767000.0,53674000.0
R&D Expenses,0.0,0.0,0.0,0.0,0.0,0.0,0.0,0.0,0.0,0.0
SG&A Expense,46428000.0,41096000.0,35218000.0,31770000.0,29270000.0,28194000.0,27115000.0,27427000.0,27909000.0,25912000.0
Operating Expenses,70024000.0,65441000.0,58053000.0,50703000.0,46375000.0,44815000.0,46656000.0,47605000.0,51638000.0,44138000.0
Operating Income,39584000.0,33179000.0,26367000.0,27138000.0,21431000.0,16462000.0,7841000.0,8344000.0,7129000.0,9536000.0
Interest Expense,0.0,0.0,0.0,0.0,0.0,0.0,0.0,0.0,0.0,0.0
Earnings before Tax,39584000.0,33179000.0,26367000.0,27138000.0,21431000.0,16462000.0,7841000.0,8344000.0,7129000.0,9536000.0
Income Tax Expense,9907000.0,13640000.0,8800000.0,9071000.0,6191000.0,3093000.0,-344000.0,564000.0,-234000.0,608000.0
Net Income - Non-Controlling int,0.0,0.0,0.0,0.0,0.0,0.0,0.0,0.0,0.0,0.0
Net Income - Discontinued ops,0.0,0.0,0.0,0.0,0.0,0.0,0.0,0.0,0.0,0.0
Net Income,29677000.0,19539000.0,17567000.0,18067000.0,15240000.0,13369000.0,8185000.0,7780000.0,7363000.0,8928000.0
Preferred Dividends,0.0,0.0,0.0,0.0,0.0,0.0,0.0,0.0,0.0,0.0
Net Income Com,29677000.0,19539000.0,17567000.0,18067000.0,15240000.0,13369000.0,8185000.0,7780000.0,7363000.0,8928000.0
EPS,1.94,1.38,1.3,1.34,1.09,0.94,0.58,0.55,0.61,0.86
EPS Diluted,1.92,1.36,1.29,1.33,1.08,0.94,0.58,0.55,0.6,0.86
Weighted Average Shs Out,15283310.0,15218740.0,13791101.0,13248048.0,13787587.0,14196659.0,14106889.0,14101259.0,13976741.0,11620491.0
Weighted Average Shs Out (Dil),15261794.0,14172196.0,13530293.0,13460605.0,14001958.0,14155927.0,14103805.0,14101259.0,13976741.0,11620491.0
Dividend per Share,0.64,0.56,0.48,0.42,0.34,0.26,0.24,0.24,0.24,0.4
Gross Margin,1.0,1.0,1.0,1.0,1.0,1.0,1.0,1.0,1.0,1.0
EBITDA Margin,0.399,0.372,0.346,0.38,0.347,0.303,0.189,0.197,0.17,0.235
EBIT Margin,0.3611,0.3364,0.3123,0.3486,0.3161,0.2686,0.1439,0.1491,0.1213,0.1777
Profit Margin,0.271,0.198,0.208,0.232,0.225,0.218,0.15,0.139,0.125,0.166
Free Cash Flow margin,0.2493,0.3908,0.1421,0.3369,0.3976,0.5456,0.6475,0.5704,0.5026,0.377
EBITDA,43778000.0,36717000.0,29223000.0,29544000.0,23549000.0,18593000.0,10278000.0,11039000.0,10019000.0,12639000.0
EBIT,39584000.0,33179000.0,26367000.0,27138000.0,21431000.0,16462000.0,7841000.0,8344000.0,7129000.0,9536000.0
Consolidated Income,29677000.0,19539000.0,17567000.0,18067000.0,15240000.0,13369000.0,8185000.0,7780000.0,7363000.0,8928000.0
Earnings Before Tax Margin,0.3611,0.3364,0.3123,0.3486,0.3161,0.2686,0.1439,0.1491,0.1213,0.1777
Net Profit Margin,0.2708,0.1981,0.2081,0.2321,0.2248,0.2182,0.1502,0.1391,0.1253,0.1663
