Date,2018-12-31,2017-12-31,2016-12-31,2015-12-31,2014-12-31,2013-12-31,2012-12-31,2011-12-31,2010-12-31,2009-12-31
Revenue,28879000.0,11154000.0,18364000.0,13633000.0,5495000.0,6715000.0,8780000.0,0.0,137904000.0,-71085000.0
Revenue Growth,1.58911601219294,-0.392615987802222,0.347025599647913,1.48098271155596,-0.181682799702159,-0.235193621867882,0.0,-1,-2.93998733910108,-1.8721
Cost of Revenue,6051000.0,7060000.0,3967000.0,3203000.0,2563000.0,2163000.0,2469000.0,0.0,0.0,0.0
Gross Profit,22828000.0,4094000.0,14397000.0,10430000.0,2932000.0,4552000.0,6311000.0,0.0,137904000.0,-71085000.0
R&D Expenses,16383000.0,19295000.0,20645000.0,12940000.0,10879000.0,10465000.0,11061000.0,8635000.0,0.0,0.0
SG&A Expense,107844000.0,11398000.0,78397000.0,7658000.0,6778000.0,5139000.0,4718000.0,0.0,80964000.0,87281000.0
Operating Expenses,124227000.0,30693000.0,99042000.0,20598000.0,17657000.0,15604000.0,15779000.0,12173000.0,105210000.0,327695000.0
Operating Income,133927000.0,108111000.0,76417000.0,59702000.0,50308000.0,42837000.0,32854000.0,44843000.0,32694000.0,-398780000.0
Interest Expense,44627000.0,20936000.0,10229000.0,6207000.0,6499000.0,8631000.0,14770000.0,22426000.0,0.0,0.0
Earnings before Tax,133927000.0,108111000.0,76417000.0,59702000.0,50308000.0,42837000.0,32854000.0,44843000.0,32694000.0,-398780000.0
Income Tax Expense,34999000.0,45385000.0,26723000.0,20696000.0,17534000.0,14111000.0,10497000.0,14970000.0,9464000.0,-75667000.0
Net Income - Non-Controlling int,0.0,0.0,0.0,0.0,0.0,0.0,0.0,0.0,0.0,0.0
Net Income - Discontinued ops,0.0,0.0,0.0,0.0,0.0,0.0,0.0,0.0,0.0,0.0
Net Income,98928000.0,62726000.0,49694000.0,39006000.0,32774000.0,28726000.0,22357000.0,29873000.0,23230000.0,-323113000.0
Preferred Dividends,0.0,0.0,0.0,700000.0,727000.0,3633000.0,3633000.0,5342000.0,5170000.0,4767000.0
Net Income Com,98928000.0,62726000.0,49694000.0,39006000.0,32774000.0,28726000.0,22357000.0,29873000.0,18060000.0,-327880000.0
EPS,2.02,1.47,1.42,1.32,0.37,0.29,0.22,0.29,0.81,-23.55
EPS Diluted,2.01,1.45,1.4,1.32,0.37,0.29,0.22,0.29,0.81,-23.55
Weighted Average Shs Out,48854000.0,42685000.0,35081000.0,28928000.0,86906000.0,86765000.0,86643000.0,0.0,22120275.0,18838612.0
Weighted Average Shs Out (Dil),49215000.0,43126000.0,35413000.0,29103000.0,87292000.0,87064000.0,86652000.0,0.0,22120275.0,18838612.0
Dividend per Share,0.792644518947,0.712029865974,0.642362974049,0.639762223826,0.197314759657,0.161260681797,0.281897705766,0.0,0.48,1.2
Gross Margin,0.790470584162,0.367043213197,0.783979525158,0.765055380327,0.533575978162,0.677885331348,0.718792710706,0.0,1.0,1.0
EBITDA Margin,5.24176737422,11.4243320782,4.83021128294,4.52629648647,9.36469517743,6.35755770663,3.63132118451,0.0,0.312,5.438
EBIT Margin,4.63752207486,9.69257665412,4.1612393814,4.37922687596,9.15523202912,6.37930007446,3.74191343964,0.0,0.2371,5.6099
Profit Margin,3.42560337962,5.62363277748,2.70605532564,2.86114574928,5.96433121019,4.27788533135,2.54635535308,0.0,0.131,4.613
Free Cash Flow margin,6.6113438831,21.37152591,-1.62736876497,4.20971172889,11.7075523203,14.2373790022,4.60797266515,0.0,0.6228,-0.6712
EBITDA,151377000.0,127427000.0,88702000.0,61707000.0,51459000.0,42691000.0,31883000.0,47281000.0,42972000.0,-386531000.0
EBIT,133927000.0,108111000.0,76417000.0,59702000.0,50308000.0,42837000.0,32854000.0,44843000.0,32694000.0,-398780000.0
Consolidated Income,98928000.0,62726000.0,49694000.0,39006000.0,32774000.0,28726000.0,22357000.0,29873000.0,23230000.0,-323113000.0
Earnings Before Tax Margin,4.63752207486,9.69257665412,4.1612393814,4.37922687596,9.15523202912,6.37930007446,3.74191343964,0.0,0.2371,5.6099
Net Profit Margin,3.42560337962,5.62363277748,2.70605532564,2.86114574928,5.96433121019,4.27788533135,2.54635535308,0.0,0.1685,4.5454
