date,,2021-01-02_FY,2019-12-28_FY,2018-12-29_FY,2017-12-30_FY,2016-12-31_FY,2016-01-02_FY,2015-01-03_FY,2014-01-04_FY,2012-12-29_FY,2011-12-31_FY,2011-01-01_FY,2010-01-02_FY,2009-01-03_FY,2007-12-29_FY,2006-12-30_FY,2005-12-31_FY,2004-12-31_FY,2003-12-31_FY,2002-12-31_FY,2001-12-31_FY,2000-12-31_FY
,revenue,3097328000.0,2637268000.0,2862850000.0,1815535000.0,1881000000.0,1916585000.0,1979393000.0,2152000000.0,1907800000.0,1755431000.0,1804400000.0,1646100000.0,2779700000.0,3833900000.0,4899400000.0,5622071000.0,3672820000.0,4271842000.0,3734029000.0,3768700000.0,4224935000.0
,costOfRevenue,2619594000.0,2280353000.0,2530996000.0,1584506000.0,1653637000.0,1694113000.0,1750289000.0,1923500000.0,1677800000.0,1545282000.0,1593700000.0,1452900000.0,2464800000.0,3442000000.0,4419600000.0,5109632000.0,3339590000.0,3814375000.0,3370995000.0,3395184000.0,3880766000.0
,grossProfit,477734000.0,356915000.0,331854000.0,231029000.0,227406000.0,222472000.0,229104000.0,228500000.0,230100000.0,210149000.0,210700000.0,193200000.0,314900000.0,391900000.0,479800000.0,512439000.0,333230000.0,457467000.0,363034000.0,373516000.0,344169000.0
,grossProfitRatio,0.15424068745706,0.135335127108811,0.115917355083221,0.127251195928473,0.120896331738437,0.116077293728168,0.115744574220481,0.10618029739777,0.120610126847678,0.119713620187863,0.116770117490579,0.11736832513213,0.113285606360399,0.102219671874592,0.0979303588194473,0.0911477283015458,0.0907286499202248,0.10708893259629,0.0972231335107467,0.0991100379441187,0.081461371595066
,,,,,,,,,,,,,,,,,,,,,,,,,,,,,,,,,,,,,,,,,,,,,,,,,,,,,,,,,,,,,,,,,,,,,,,,,,,,,,,,,,,,,,,,,,,,,,,,,,,,,
COST And EXPENSES,,,,,,,,,,,,,,,,,,,,,,,,,,,,,,,,,,,,,,,,,,,,,,,,,,,,,,,,,,,,,,,,,,,,,,,,,,,,,,,,,,,,,,,,,,,,,,,,,,,,,
,ResearchAndDevelopmentExpenses,0.0,0.0,0.0,0.0,0.0,0.0,0.0,0.0,0.0,0.0,0.0,0.0,0.0,0.0,0.0,0.0,0.0,0.0,0.0,0.0,0.0
,GeneralAndAdministrativeExpenses,314228000.0,304611000.0,293914000.0,198709000.0,204312000.0,195941000.0,206095000.0,245900000.0,226400000.0,207857000.0,221200000.0,220600000.0,305300000.0,372800000.0,381600000.0,378008000.0,248291000.0,346585000.0,295492000.0,298576000.0,301349000.0
,SellingAndMarketingExpenses,0.0,0.0,0.0,0.0,0.0,0.0,0.0,0.0,0.0,0.0,0.0,0.0,0.0,0.0,0.0,0.0,0.0,0.0,0.0,0.0,0.0
,otherExpenses,21265000.0,17150000.0,25826000.0,2332000.0,255000.0,9741000.0,9473000.0,8565000.0,10562000.0,0.0,13365000.0,519000.0,20519000.0,20924000.0,20724000.0,0.0,0.0,0.0,0.0,0.0,0.0
,operatingExpenses,335493000.0,321761000.0,342940000.0,201041000.0,213654000.0,205682000.0,215568000.0,249800000.0,224500000.0,218419000.0,234600000.0,209500000.0,323900000.0,393600000.0,402299999.999999,396778000.0,258423000.0,366061000.0,317249000.0,325323000.0,331742000.0
,costAndExpenses,2955087000.0,2602114000.0,2873936000.0,1785547000.0,1867291000.0,1899795000.0,1965857000.0,2173300000.0,1902300000.0,1763701000.0,1828300000.0,1662400000.0,2788700000.0,3835600000.0,4821900000.0,5506410000.0,3598013000.0,4180436000.0,3688244000.0,3720507000.0,4212508000.0
,interestExpense,-47414000.0,-54218000.0,47301000.0,21225000.0,24898000.0,27342000.0,26771000.0,28157000.0,30510000.0,30510000.0,-33788000.0,-32456000.0,-38547000.0,-43660000.0,-46164000.0,42311000.0,0.0,0.0,0.0,0.0,0.0
,,,,,,,,,,,,,,,,,,,,,,,,,,,,,,,,,,,,,,,,,,,,,,,,,,,,,,,,,,,,,,,,,,,,,,,,,,,,,,,,,,,,,,,,,,,,,,,,,,,,,
EBITDA,,,,,,,,,,,,,,,,,,,,,,,,,,,,,,,,,,,,,,,,,,,,,,,,,,,,,,,,,,,,,,,,,,,,,,,,,,,,,,,,,,,,,,,,,,,,,,,,,,,,,
,depreciationAndAmortization,28901000.0,30232000.0,25826000.0,9032000.0,9342000.0,9741000.0,9473000.0,9100000.0,8600000.0,10562000.0,13400000.0,17000000.0,20500000.0,20900000.0,20700000.0,18770000.0,10132000.0,19476000.0,21757000.0,26747000.0,30393000.0
,EBITDA,171142000.0,65386000.0,14740000.0,39020000.0,23094000.0,26531000.0,23009000.0,-12200000.0,14100000.0,2292000.0,-10500000.0,700000.0,11500000.0,19200000.0,98200000.0,134431000.0,84939000.0,110882000.0,67542000.0,74940000.0,42820000.0
,EBITDARatio,0.0552547227804094,0.0247930813250682,0.00514871544090679,0.0214922873973787,0.0122775119617225,0.0138428506953775,0.011624270672878,-0.00566914498141264,0.00739071181465562,0.00130566225616387,-0.00581910884504544,0.00042524755482656,0.00413713710112602,0.0050079553457315,0.0200432706045638,0.0239112953215995,0.0231263715619061,0.0259564843456289,0.0180882365937704,0.0198848409265795,0.0101350671667138
,,,,,,,,,,,,,,,,,,,,,,,,,,,,,,,,,,,,,,,,,,,,,,,,,,,,,,,,,,,,,,,,,,,,,,,,,,,,,,,,,,,,,,,,,,,,,,,,,,,,,
INCOME,,,,,,,,,,,,,,,,,,,,,,,,,,,,,,,,,,,,,,,,,,,,,,,,,,,,,,,,,,,,,,,,,,,,,,,,,,,,,,,,,,,,,,,,,,,,,,,,,,,,,
,operatingIncome,142241000.0,35154000.0,-11086000.0,29988000.0,13752000.0,16790000.0,13536000.0,-21300000.0,5500000.0,-8270000.0,-23900000.0,-16300000.0,-9000000.0,-1700000.0,77500000.0,115661000.0,74807000.0,91406000.0,45785000.0,48193000.0,12427000.0
,operatingIncomeRatio,0.0459237768812344,0.0133297033141873,-0.00387236495101036,0.0165174452709532,0.007311004784689,0.00876037326807838,0.00683846007336593,-0.00989776951672862,0.00288290177167418,-0.00471109374279023,-0.0132454001330082,-0.00990219306238989,-0.00323775947044645,-0.00044341271290331,0.0158182634608319,0.020572667972354,0.020367728339532,0.0213973269610627,0.0122615544764114,0.012787698675936,0.00294134702664065
,totalOtherIncomeExpensesNet,-254000.0,-2544000.0,380000.0,822000.0,28352000.0,-871000.0,-325000.0,-300000.0,0.0,1175000.0,-600000.0,-500000.0,-600000.0,400000.0,-300000.0,-186000.0,-2355000.0,376000.0,348000.0,448000.0,560000.0
,incomeBeforeTax,95081000.0,-21608000.0,-60207000.0,9585000.0,17206000.0,-11423000.0,-13560000.0,-49600000.0,-22600000.0,-37605000.0,-53800000.0,-56900000.0,-48100000.0,-45000000.0,26200000.0,73164000.0,43687000.0,91030000.0,45437000.0,47745000.0,11867000.0
,incomeBeforeTaxRatio,0.0306977498024103,-0.00819332733722928,-0.0210304416927188,0.00527943553828486,0.00914726209463051,-0.00596008003819293,-0.00685058500257402,-0.0230483271375465,-0.0118461054617884,-0.0214220895039452,-0.0298160053203281,-0.0345665512423304,-0.0173040256142749,-0.0117373953415582,0.0053475935828877,0.0130137097165795,0.0118946749364249,0.0213093087244332,0.0121683575569445,0.0126688247936954,0.00280880060876676
,incomeTaxExpense,14199000.0,-3952000.0,-12154000.0,-53409000.0,1121000.0,153000.0,312000.0,386000.0,962000.0,962000.0,-589000.0,4564000.0,-16434000.0,-17077000.0,10349000.0,28561000.0,17781000.0,34877000.0,17597000.0,0.0,0.0
,netIncome,80882000.0,-17656000.0,-48053000.0,62994000.0,16085000.0,-11576000.0,-13872000.0,-40600000.0,-23000000.0,-38567000.0,-53200000.0,-61500000.0,-31700000.0,-27900000.0,15800000.0,44603000.0,25906000.0,56153000.0,27840000.0,29275000.0,7239000.0
,netIncomeRatio,0.026113475873398,-0.00669480689865421,-0.0167850219187174,0.0346972104641332,0.00855130249867092,-0.00603990952657983,-0.00700820908227926,-0.0188661710037175,-0.0120557710451829,-0.0219701030687051,-0.0294834848148969,-0.0373610351740477,-0.0114041083570169,-0.00727718511176609,0.0032248846797567,0.00793355331158216,0.0070534357795917,0.0131449150038789,0.00745575355735052,0.00776793058614376,0.00171339914105187
,,,,,,,,,,,,,,,,,,,,,,,,,,,,,,,,,,,,,,,,,,,,,,,,,,,,,,,,,,,,,,,,,,,,,,,,,,,,,,,,,,,,,,,,,,,,,,,,,,,,,
EPS,,,,,,,,,,,,,,,,,,,,,,,,,,,,,,,,,,,,,,,,,,,,,,,,,,,,,,,,,,,,,,,,,,,,,,,,,,,,,,,,,,,,,,,,,,,,,,,,,,,,,
,EPS,8.58000047948372,-1.88733,-5.20618,6.81311,1.8,-1.32297,-1.613,-5.075,-3.83333,-8.9,-14.77778,-17.08333,-8.56757,-7.75,4.38889,13.090047,9.640643,27.439358,13.604113,14.30533,3.537362
,EPSDiluted,8.58000047948372,-1.88733,-5.20618,6.81311,1.77,-1.32297,-1.613,-5.075,-3.83333,-8.9,-14.77778,-17.08333,-8.56757,-7.75,4.38889,12.913155,9.021519,25.733291,12.758264,13.415883,3.317424
,weightedAverageShsOut,9426806.0,9355000.0,9230000.0,9246000.0,8936111.0,8750000.0,8600100.0,8000000.0,6000000.0,4318700.0,3600000.0,3600000.0,3700000.0,3600000.0,3600000.0,3413937.0,2148875.0,2046440.0,2046440.0,2046440.0,2046440.0
,weightedAverageShsOutDil,9426806.0,9355000.0,9230000.0,9246000.0,9087571.0,8750000.0,8600100.0,8000000.0,6000000.0,4318700.0,3600000.0,3600000.0,3700000.0,3600000.0,3600000.0,3447743.0,2294726.0,2182115.0,2182115.0,2182115.0,2182115.0
