date,,2020-12-31_FY,2019-12-31_FY,2018-12-31_FY,2017-12-31_FY,2016-12-31_FY,2015-12-31_FY,2014-12-31_FY,2013-12-31_FY,2012-12-31_FY,2011-12-31_FY,2010-12-31_FY,2009-12-31_FY,2008-12-31_FY,2007-12-31_FY,2006-12-31_FY,2005-12-31_FY,2004-12-31_FY,2003-12-31_FY,2002-12-31_FY,2001-12-31_FY,2000-12-31_FY,1999-12-31_FY,1998-12-31_FY,1997-12-31_FY,1996-12-31_FY,1995-12-31_FY,1994-12-31_FY,1993-12-31_FY,1992-12-31_FY,1991-12-31_FY,1990-12-31_FY,1989-12-31_FY
,revenue,75494000000.0,74286000000.0,72854000000.0,71449000000.0,69875000000.0,76354000000.0,76882000000.0,76366000000.0,70173000000.0,78353000000.0,86601000000.0,80285000000.0,52793000000.0,81698000000.0,89615000000.0,83642000000.0,86190000000.0,77442000000.0,71308000000.0,80057000000.0,75188000000.0,57237000000.0,48936000000.0,26166000000.0,19483000000.0,14607000000.0,17435000000.0,6103000000.0,4638700000.0,5794900000.0,5181900000.0,4694700000.0
,costOfRevenue,0.0,0.0,0.0,0.0,0.0,0.0,0.0,0.0,0.0,0.0,0.0,0.0,0.0,0.0,0.0,0.0,0.0,0.0,0.0,0.0,0.0,0.0,0.0,0.0,0.0,0.0,0.0,0.0,0.0,0.0,0.0,0.0
,grossProfit,0.0,0.0,0.0,0.0,0.0,0.0,0.0,0.0,0.0,0.0,0.0,0.0,0.0,0.0,0.0,0.0,0.0,0.0,0.0,0.0,0.0,0.0,0.0,0.0,0.0,0.0,0.0,0.0,0.0,0.0,0.0,0.0
,grossProfitRatio,0.0,0.0,0.0,0.0,0.0,0.0,0.0,0.0,0.0,0.0,0.0,0.0,0.0,0.0,0.0,0.0,0.0,0.0,0.0,0.0,0.0,0.0,0.0,0.0,0.0,0.0,0.0,0.0,0.0,0.0,0.0,0.0
,,,,,,,,,,,,,,,,,,,,,,,,,,,,,,,,,,,,,,,,,,,,,,,,,,,,,,,,,,,,,,,,,,,,,,,,,,,,,,,,,,,,,,,,,,,,,,,,,,,,,
COST And EXPENSES,,,,,,,,,,,,,,,,,,,,,,,,,,,,,,,,,,,,,,,,,,,,,,,,,,,,,,,,,,,,,,,,,,,,,,,,,,,,,,,,,,,,,,,,,,,,,,,,,,,,,
,ResearchAndDevelopmentExpenses,0.0,0.0,0.0,0.0,0.0,0.0,0.0,0.0,0.0,0.0,0.0,0.0,0.0,0.0,0.0,0.0,0.0,0.0,0.0,0.0,0.0,0.0,0.0,0.0,0.0,0.0,0.0,0.0,0.0,0.0,0.0,0.0
,GeneralAndAdministrativeExpenses,30913000000.0,28510000000.0,28347000000.0,28072000000.0,27655000000.0,28350000000.0,30395000000.0,30103000000.0,31118000000.0,30821000000.0,29354000000.0,29560000000.0,33843000000.0,35370000000.0,31244000000.0,26609000000.0,27508000000.0,25183000000.0,22128000000.0,31208000000.0,28780000000.0,23207000000.0,21701000000.0,14059000000.0,11134000000.0,8459000000.0,11038000000.0,2890000000.0,1976000000.0,2137500000.0,2005900000.0,1884600000.0
,SellingAndMarketingExpenses,1217000000.0,1516000000.0,1545000000.0,1608000000.0,1632000000.0,1547000000.0,1844000000.0,1888000000.0,2224000000.0,2346000000.0,1645000000.0,1415000000.0,2292000000.0,2935000000.0,2563000000.0,2533000000.0,0.0,0.0,0.0,0.0,0.0,0.0,0.0,0.0,0.0,0.0,0.0,0.0,0.0,621500000.0,567100000.0,0.0
,otherExpenses,0.0,0.0,0.0,0.0,0.0,0.0,0.0,0.0,0.0,0.0,0.0,0.0,0.0,0.0,0.0,0.0,0.0,0.0,0.0,0.0,0.0,0.0,0.0,0.0,0.0,0.0,0.0,0.0,0.0,0.0,0.0,0.0
,operatingExpenses,0.0,79548000000.0,73675000000.0,66201000000.0,61832000000.0,63449000000.0,76208000000.0,73099000000.0,81977000000.0,86818000000.0,98513000000.0,116099000000.0,155154000000.0,151084000000.0,113521000000.0,90885000000.0,0.0,0.0,0.0,0.0,0.0,0.0,0.0,0.0,0.0,0.0,0.0,0.0,0.0,0.0,0.0,0.0
,costAndExpenses,0.0,0.0,0.0,0.0,0.0,0.0,0.0,0.0,0.0,0.0,0.0,0.0,0.0,0.0,0.0,0.0,0.0,0.0,0.0,0.0,0.0,0.0,0.0,0.0,0.0,0.0,0.0,0.0,0.0,0.0,0.0,0.0
,interestExpense,13338000000.0,29163000000.0,24266000000.0,16517000000.0,12511000000.0,11921000000.0,13690000000.0,16177000000.0,20535000000.0,24234000000.0,24864000000.0,27721000000.0,52963000000.0,77531000000.0,56943000000.0,36676000000.0,22086000000.0,17271000000.0,21248000000.0,31965000000.0,36638000000.0,24768000000.0,27495000000.0,11443000000.0,2259000000.0,1956000000.0,1284000000.0,707000000.0,673900000.0,875900000.0,1027200000.0,1000600000.0
,,,,,,,,,,,,,,,,,,,,,,,,,,,,,,,,,,,,,,,,,,,,,,,,,,,,,,,,,,,,,,,,,,,,,,,,,,,,,,,,,,,,,,,,,,,,,,,,,,,,,
EBITDA,,,,,,,,,,,,,,,,,,,,,,,,,,,,,,,,,,,,,,,,,,,,,,,,,,,,,,,,,,,,,,,,,,,,,,,,,,,,,,,,,,,,,,,,,,,,,,,,,,,,,
,depreciationAndAmortization,3937000000.0,3905000000.0,3754000000.0,3659000000.0,3720000000.0,3506000000.0,3589000000.0,3303000000.0,2507000000.0,2872000000.0,2664000000.0,2853000000.0,2466000000.0,2790000000.0,2790000000.0,2592000000.0,687000000.0,2120000000.0,1926000000.0,4479000000.0,4324000000.0,3327000000.0,2979000000.0,421000000.0,342000000.0,304000000.0,349000000.0,125000000.0,97100000.0,120400000.0,124100000.0,102500000.0
,EBITDA,0.0,0.0,0.0,0.0,0.0,0.0,0.0,0.0,0.0,0.0,0.0,0.0,0.0,0.0,0.0,0.0,0.0,0.0,0.0,0.0,0.0,0.0,0.0,0.0,0.0,0.0,0.0,0.0,0.0,0.0,0.0,0.0
,EBITDARatio,0.0,0.0,0.0,0.0,0.0,0.0,0.0,0.0,0.0,0.0,0.0,0.0,0.0,0.0,0.0,0.0,0.0,0.0,0.0,0.0,0.0,0.0,0.0,0.0,0.0,0.0,0.0,0.0,0.0,0.0,0.0,0.0
,,,,,,,,,,,,,,,,,,,,,,,,,,,,,,,,,,,,,,,,,,,,,,,,,,,,,,,,,,,,,,,,,,,,,,,,,,,,,,,,,,,,,,,,,,,,,,,,,,,,,
INCOME,,,,,,,,,,,,,,,,,,,,,,,,,,,,,,,,,,,,,,,,,,,,,,,,,,,,,,,,,,,,,,,,,,,,,,,,,,,,,,,,,,,,,,,,,,,,,,,,,,,,,
,operatingIncome,0.0,0.0,0.0,0.0,0.0,0.0,0.0,0.0,0.0,0.0,0.0,0.0,0.0,0.0,0.0,0.0,0.0,0.0,0.0,0.0,0.0,0.0,0.0,0.0,0.0,0.0,0.0,0.0,0.0,0.0,0.0,0.0
,operatingIncomeRatio,0.180570641375474,0.32174299329618,0.321807999560765,0.31856289101317,0.307363148479428,0.325143410954239,0.1868317681642,0.255309954691879,0.113091929944566,0.186642502520644,0.152238426808005,-0.0971414336426481,-0.998352054249616,0.0173321256334304,0.327512135245216,0.345328901747926,0.277932474765054,0.336354949510601,0.286727996858697,0.272430892988746,0.279885088045965,0.274245680241802,0.184751512179173,0.183444164182527,0.171996099163373,0.172588484972958,0.123257814740465,0.245944617401278,0.256063121133076,0.132098914562805,0.113587680194523,0.100240696956142
,totalOtherIncomeExpensesNet,0.0,0.0,0.0,0.0,0.0,0.0,0.0,0.0,0.0,0.0,0.0,0.0,0.0,0.0,0.0,0.0,0.0,0.0,0.0,0.0,0.0,0.0,0.0,0.0,0.0,0.0,0.0,0.0,0.0,0.0,0.0,0.0
,incomeBeforeTax,13632000000.0,23901000000.0,23445000000.0,22761000000.0,21477000000.0,24826000000.0,14364000000.0,19497000000.0,7936000000.0,14624000000.0,13184000000.0,-7799000000.0,-52706000000.0,1416000000.0,29350000000.0,28884000000.0,23955000000.0,26048000000.0,20446000000.0,21810000000.0,21044000000.0,15697000000.0,9041000000.0,4800000000.0,3351000000.0,2521000000.0,2149000000.0,1501000000.0,1187800000.0,765500000.0,588600000.0,470600000.0
,incomeBeforeTaxRatio,0.180570641375474,0.32174299329618,0.321807999560765,0.31856289101317,0.307363148479428,0.325143410954239,0.1868317681642,0.255309954691879,0.113091929944566,0.186642502520644,0.152238426808005,-0.0971414336426481,-0.998352054249616,0.0173321256334304,0.327512135245216,0.345328901747926,0.277932474765054,0.336354949510601,0.286727996858697,0.272430892988746,0.279885088045965,0.274245680241802,0.184751512179173,0.183444164182527,0.171996099163373,0.172588484972958,0.123257814740465,0.245944617401278,0.256063121133076,0.132098914562805,0.113587680194523,0.100240696956142
,incomeTaxExpense,2525000000.0,4430000000.0,5357000000.0,29388000000.0,6444000000.0,7440000000.0,6864000000.0,5867000000.0,27000000.0,3521000000.0,2233000000.0,-6733000000.0,-20612000000.0,-2201000000.0,8101000000.0,9078000000.0,6909000000.0,8195000000.0,6998000000.0,7526000000.0,7525000000.0,5703000000.0,3234000000.0,1696000000.0,1051000000.0,893000000.0,823000000.0,550000000.0,431600000.0,286700000.0,215700000.0,181600000.0
,netIncome,11047000000.0,19401000000.0,18045000000.0,-6798000000.0,14912000000.0,17242000000.0,7313000000.0,13673000000.0,7541000000.0,11067000000.0,10602000000.0,-1606000000.0,-27684000000.0,3617000000.0,21538000000.0,24589000000.0,17046000000.0,17853000000.0,15276000000.0,14126000000.0,13519000000.0,9867000000.0,5807000000.0,3104000000.0,2331000000.0,1834000000.0,1326000000.0,916000000.0,728100000.0,478800000.0,372900000.0,289000000.0
,netIncomeRatio,0.146329509629904,0.261166303206526,0.247687155132182,-0.0951447885904631,0.213409660107335,0.225816591141263,0.09511979396998,0.179045648587068,0.107462984338706,0.141245389455413,0.122423528596667,-0.0200037366880488,-0.524387702915159,0.0442728096159025,0.240339228923729,0.293979101408383,0.197772363383223,0.230533818857984,0.214225612834465,0.17644927988808,0.179802628078949,0.172388489962786,0.118665195357201,0.118627226171367,0.119642765487861,0.125556240158828,0.076053914539719,0.150090119613305,0.156962079893073,0.0826243766070165,0.0719620216522897,0.0615587790487145
,,,,,,,,,,,,,,,,,,,,,,,,,,,,,,,,,,,,,,,,,,,,,,,,,,,,,,,,,,,,,,,,,,,,,,,,,,,,,,,,,,,,,,,,,,,,,,,,,,,,,
EPS,,,,,,,,,,,,,,,,,,,,,,,,,,,,,,,,,,,,,,,,,,,,,,,,,,,,,,,,,,,,,,,,,,,,,,,,,,,,,,,,,,,,,,,,,,,,,,,,,,,,,
,EPS,5.451146,8.625734,7.237396,-2.299055,5.163256,5.73968,2.412337,4.581329,2.573193,3.73,3.68432,-1.38827658342194,-52.5772021119003,7.3,43.9,48.4,33.2,34.9,29.9,27.9,26.9,21.825546,12.450311,13.450336,11.666958,9.63297878123699,6.8652419432671,9.6,5.4,3.5,2.8,2.3
,EPSDiluted,4.87,8.04,6.68,-2.76,4.72,5.4,2.2,4.33,2.44,3.63,3.5,-1.32738242829986,-47.7713930734586,7.2,43.1,47.5,32.6,34.2,29.4,27.2,26.2,21.225531,12.150304,12.700318,11.666958,9.61943248726141,6.85862070148038,9.1,5.4,3.5,2.8,2.3
,weightedAverageShsOut,2085800000.0,2249200000.0,2493300000.0,2698500000.0,2888100000.0,3004000000.0,3031500000.0,3035800000.0,2930600000.0,2909800000.0,2877600000.0,1156830000.0,526540000.0,490580000.0,488730000.0,506760000.0,510720000.0,509330000.0,507800000.0,503170000.0,497700000.0,444508887.0,448468788.0,220514487.0,191635209.0,190387630.0,193146871.0,146857143.0,133481481.0,136800000.0,133178571.0,125652174.0
,weightedAverageShsOutDil,2099000000.0,2265300000.0,2494800000.0,2698500000.0,2888300000.0,3007700000.0,3037000000.0,3041600000.0,3015500000.0,2998800000.0,2967810000.0,1209900000.0,579510000.0,499530000.0,498610000.0,516040000.0,520740000.0,519360000.0,516620000.0,514700000.0,512220000.0,459121855.0,463028424.0,235974100.0,191635209.0,190655738.0,193333333.0,146857143.0,133481481.0,136800000.0,133178571.0,125652174.0
