Date,2018-12-31,2017-12-31,2016-12-31,2015-12-31,2014-12-31,2013-12-31,2012-12-31,2011-12-31,2010-12-31,2009-12-31
Revenue,157722000.0,150864000.0,147435000.0,111998000.0,98407000.0,101248000.0,93341000.0,93537000.0,88816000.0,84221000.0
Revenue Growth,0.0455,0.0233,0.3164,0.1381,-0.0281,0.0847,-0.0021,0.0532,0.0546,0.2471
Cost of Revenue,0.0,0.0,0.0,0.0,0.0,0.0,0.0,0.0,0.0,0.0
Gross Profit,157722000.0,150864000.0,147435000.0,111998000.0,98407000.0,101248000.0,93341000.0,93537000.0,88816000.0,84221000.0
R&D Expenses,0.0,0.0,0.0,0.0,0.0,0.0,0.0,0.0,0.0,0.0
SG&A Expense,72500000.0,69005000.0,67133000.0,53597000.0,47408000.0,47446000.0,40951000.0,39978000.0,37413000.0,35101000.0
Operating Expenses,91945000.0,88510000.0,89896000.0,81139000.0,62397000.0,66333000.0,57001000.0,53261000.0,52937000.0,51005000.0
Operating Income,65777000.0,62354000.0,57539000.0,30859000.0,36010000.0,34915000.0,36340000.0,40276000.0,35879000.0,33216000.0
Interest Expense,0.0,0.0,0.0,0.0,0.0,0.0,0.0,0.0,0.0,0.0
Earnings before Tax,65777000.0,62354000.0,57539000.0,30859000.0,36010000.0,34915000.0,34310000.0,37958000.0,35879000.0,33216000.0
Income Tax Expense,12706000.0,33878000.0,17472000.0,9907000.0,11440000.0,12132000.0,10882000.0,11781000.0,11113000.0,10443000.0
Net Income - Non-Controlling int,0.0,0.0,0.0,0.0,0.0,0.0,0.0,0.0,0.0,0.0
Net Income - Discontinued ops,0.0,0.0,0.0,0.0,0.0,0.0,0.0,0.0,0.0,0.0
Net Income,53071000.0,28476000.0,40067000.0,20952000.0,24570000.0,22783000.0,23428000.0,26177000.0,24766000.0,22773000.0
Preferred Dividends,0.0,0.0,0.0,0.0,0.0,0.0,0.0,0.0,0.0,0.0
Net Income Com,53071000.0,28476000.0,40067000.0,20952000.0,24570000.0,22783000.0,23428000.0,26177000.0,24766000.0,22773000.0
EPS,3.4,1.83,2.59,1.73,2.19,1.987,2.04,2.273,2.153,1.987
EPS Diluted,3.39,1.82,2.57,1.73,2.19,1.98,2.033,2.267,2.153,1.98
Weighted Average Shs Out,15584743.0,15516049.0,15440981.0,15306152.0,11132208.0,11470446.0,11430108.0,11537262.0,11485647.0,11467244.0
Weighted Average Shs Out (Dil),15571387.0,15509665.0,15422160.0,12031294.0,11176468.0,11451683.0,11470292.0,11508189.0,11483502.0,11463738.0
Dividend per Share,1.1,0.92,0.8,0.8,0.72,0.707,0.667,1.0,0.667,0.667
Gross Margin,1.0,1.0,1.0,1.0,1.0,1.0,1.0,1.0,1.0,1.0
EBITDA Margin,0.466,0.471,0.454,0.339,0.427,0.407,0.425,0.452,0.446,0.433
EBIT Margin,0.417,0.4133,0.3903,0.2755,0.3659,0.3448,0.3676,0.4058,0.404,0.3944
Profit Margin,0.336,0.189,0.272,0.187,0.25,0.225,0.251,0.28,0.279,0.27
Free Cash Flow margin,0.3808,0.3687,0.3787,0.1137,0.2903,0.2789,0.441,0.3411,0.3755,0.2365
EBITDA,73473000.0,71046000.0,67003000.0,38023000.0,41993000.0,41235000.0,39674000.0,42238000.0,39645000.0,36482000.0
EBIT,65777000.0,62354000.0,57539000.0,30859000.0,36010000.0,34915000.0,34310000.0,37958000.0,35879000.0,33216000.0
Consolidated Income,53071000.0,28476000.0,40067000.0,20952000.0,24570000.0,22783000.0,23428000.0,26177000.0,24766000.0,22773000.0
Earnings Before Tax Margin,0.417,0.4133,0.3903,0.2755,0.3659,0.3448,0.3676,0.4058,0.404,0.3944
Net Profit Margin,0.3365,0.1888,0.2718,0.1871,0.2497,0.225,0.251,0.2799,0.2788,0.2704
