date,,2020-12-31_FY,2019-12-31_FY,2018-12-31_FY,2017-12-31_FY,2016-12-31_FY,2015-12-31_FY,2014-12-31_FY,2013-12-31_FY,2012-12-31_FY,2011-12-31_FY,2010-12-31_FY,2009-12-31_FY,2008-12-31_FY,2007-12-31_FY,2006-12-31_FY,2005-12-31_FY,2004-12-31_FY,2003-12-31_FY,2002-12-31_FY,2001-12-31_FY,2000-12-31_FY,1999-12-31_FY,1998-12-31_FY,1997-12-31_FY,1996-12-31_FY,1995-12-31_FY,1994-12-31_FY,1993-12-31_FY,1992-12-31_FY,1991-12-31_FY,1990-12-31_FY,1989-12-31_FY,1988-12-31_FY,1987-12-31_FY,1986-12-31_FY,1985-12-31_FY
,revenue,3160243000000.0,0.0,0.0,4080015000.0,3401487000.0,3800271000.0,3727252000.0,3731380000.0,3479788000.0,3557433000.0,3706901000.0,3209201000.0,4094161000.0,4481346000.0,4156759000.0,3754191000.0,3467853000.0,3198072000.0,2910211012139.65,2899824734560.32,2781827269600.0,2628949924575.0,2775839015728.0,2777749467479.0,2559113773907.0,2168896596015.0,1931921382288.0,1836097380870.0,1914224748256.0,1870886795469.0,1726704043260.0,1175797646152.0,1109422788128.0,980038624260.0,898121724299.0,958008973845.0
,costOfRevenue,1784375000000.0,0.0,0.0,2087324000.0,1727654000.0,1865887000.0,1865780000.0,1932959000.0,1829822000.0,1820670000.0,1923813000.0,1781808000.0,2156153000.0,2234365000.0,2096279000.0,1935148000.0,1754510000.0,1589172000.0,1524425910910.9,1622623404763.28,1431371158950.0,1343245799220.0,1382302752948.0,1396950841487.0,1346657080561.0,1165461493493.0,1030874300628.0,982946794410.0,987582372256.0,960197914620.0,883001106510.0,611943088734.0,582330369816.0,535023501696.0,479948308575.0,474299808395.0
,grossProfit,1375868000000.0,1610033000.0,1835554000.0,1992691000.0,1673833000.0,1934384000.0,1861472000.0,1798421000.0,1649966000.0,1736763000.0,1783088000.0,1427393000.0,1938008000.0,2246981000.0,2060480000.0,1819043000.0,1713343000.0,1608900000.0,1385785101228.75,1277201329797.04,1350456110650.0,1285704125355.0,1393536262780.0,1380798625992.0,1212456693346.0,1003435102522.0,901047081660.0,853150586460.0,926642376000.0,910688880849.0,843702936750.0,563854557418.0,527092418312.0,445015122564.0,418173415724.0,483709165450.0
,grossProfitRatio,0.435367786591094,0.0,0.0,0.48840286126399,0.492088607129764,0.50901212045141,0.499422094347256,0.48197208539468,0.474157046348801,0.488206805300339,0.48101851114988,0.444781426903457,0.473359010551857,0.501407612802046,0.495693880737373,0.484536615212172,0.494064483125438,0.503084358325891,0.476180282270972,0.440440870296492,0.485456493078444,0.489056148744579,0.502023444041306,0.49709257157924,0.473779909947084,0.462647737271409,0.466399455961752,0.464654323539066,0.484082329854026,0.486768565075422,0.48862046744102,0.479550677162275,0.475105094245808,0.454079167440996,0.465608841663853,0.504910891918494
,,,,,,,,,,,,,,,,,,,,,,,,,,,,,,,,,,,,,,,,,,,,,,,,,,,,,,,,,,,,,,,,,,,,,,,,,,,,,,,,,,,,,,,,,,,,,,,,,,,,,
COST And EXPENSES,,,,,,,,,,,,,,,,,,,,,,,,,,,,,,,,,,,,,,,,,,,,,,,,,,,,,,,,,,,,,,,,,,,,,,,,,,,,,,,,,,,,,,,,,,,,,,,,,,,,,
,ResearchAndDevelopmentExpenses,272312000000.0,298503000.0,315842000.0,330053000.0,302376000.0,328500000.0,308979000.0,306324000.0,296464000.0,307800000.0,315817000.0,304600000.0,374025000.0,368261000.0,308307000.0,286476000.0,0.0,0.0,0.0,0.0,0.0,0.0,0.0,0.0,0.0,0.0,0.0,0.0,0.0,0.0,0.0,0.0,0.0,0.0,0.0,0.0
,GeneralAndAdministrativeExpenses,993009000000.0,1136863000.0,1176760000.0,1297247000.0,1142591000.0,1250674000.0,1189004000.0,1154820000.0,1029646000.0,1050892000.0,1079719000.0,905738000.0,1067909000.0,1122047000.0,1045140000.0,949524000.0,1169550000.0,1154476000.0,1042950448370.0,996113380050.48,958029587450.0,950690303160.0,978511621644.0,964437670297.0,872053030661.0,734539582471.0,681423698208.0,649181928120.0,681459667328.0,680633655794.0,603856545000.0,404498420170.0,378077826488.0,339380035764.0,330386361843.0,344073504250.0
,SellingAndMarketingExpenses,0.0,0.0,0.0,0.0,0.0,0.0,0.0,0.0,0.0,0.0,0.0,0.0,0.0,0.0,0.0,0.0,0.0,0.0,0.0,0.0,0.0,0.0,0.0,0.0,0.0,0.0,0.0,0.0,0.0,0.0,0.0,0.0,0.0,0.0,0.0,0.0
,otherExpenses,17664000000.0,0.0,0.0,0.0,0.0,0.0,0.0,0.0,0.0,0.0,0.0,0.0,0.0,0.0,0.0,0.0,0.0,0.0,0.0,0.0,0.0,0.0,0.0,0.0,0.0,0.0,0.0,0.0,0.0,0.0,0.0,0.0,0.0,0.0,0.0,0.0
,operatingExpenses,0.0,1435366000000.0,1492602000000.0,1627300000000.0,1444967000000.0,1579174000000.0,1497983000000.0,1461144000000.0,1326110000000.0,1358692000000.0,1395536000000.0,1210338000000.0,1440519505890.0,1495249829180.0,1353371785570.0,1237908499370.0,1194491000755.8,1157050446401.95,0.0,0.0,0.0,0.0,0.0,0.0,0.0,0.0,0.0,0.0,0.0,0.0,0.0,0.0,0.0,0.0,0.0,0.0
,costAndExpenses,3049696000000.0,1435366000.0,1492602000.0,3714624000.0,3172621000.0,3445061000.0,3363763000.0,3394103000.0,3155932000.0,3179362000.0,3319349000.0,2992146000.0,3598087000.0,3724673000.0,3449726000.0,3171148000.0,2924060000.0,2743648000.0,2567376359280.9,2618736784813.76,2535873029300.0,2452449250875.0,2519712712956.0,2502050113119.0,2337999344302.0,2014823496407.0,1821273636714.0,1737572795850.0,1768220853888.0,1732716239449.0,1568018685120.0,1074834725502.0,1021225105688.0,933571328032.0,867752925256.0,868991239830.0
,interestExpense,854000000.0,1038000.0,797000.0,818000.0,1061000.0,584000.0,500000.0,550000.0,1022000.0,988000.0,1931000.0,336000.0,837000.0,1471000.0,2190000.0,1741000.0,2756000.0,4627000.0,0.0,0.0,0.0,0.0,0.0,0.0,0.0,0.0,0.0,0.0,0.0,0.0,0.0,0.0,0.0,0.0,0.0,0.0
,,,,,,,,,,,,,,,,,,,,,,,,,,,,,,,,,,,,,,,,,,,,,,,,,,,,,,,,,,,,,,,,,,,,,,,,,,,,,,,,,,,,,,,,,,,,,,,,,,,,,
EBITDA,,,,,,,,,,,,,,,,,,,,,,,,,,,,,,,,,,,,,,,,,,,,,,,,,,,,,,,,,,,,,,,,,,,,,,,,,,,,,,,,,,,,,,,,,,,,,,,,,,,,,
,depreciationAndAmortization,227825000000.0,237327000.0,251554000.0,261881000.0,250096000.0,273327000.0,263480000.0,275173000.0,258133000.0,261343000.0,276193000.0,315393000.0,341337000.0,341694000.0,262294000.0,225941000.0,192692000.0,183604000.0,163578450234.65,151894159533.12,146472282900.0,158513148495.0,158898338364.0,140661601335.0,119289233080.0,114822420443.0,108975637878.0,105444073320.0,99178814304.0,91884669035.0,81161033610.0,58393216598.0,60816909384.0,59167790572.0,57418254838.0,50617927185.0
,EBITDA,338372000000.0,433067000.0,614446000.0,615765000.0,494747000.0,620765000.0,646719000.0,622777000.0,600690000.0,635867000.0,669056000.0,534748000.0,822484000.0,1110082000.0,981437000.0,610037000.0,744808000.0,631774000.0,506413103093.4,432982109279.68,392426523200.0,335013822195.0,415024641136.0,416360955695.0,340403662685.0,268895520051.0,219623383452.0,203968658340.0,245182708672.0,230055225055.0,239846391750.0,159356137248.0,149014591824.0,105635086800.0,87787053881.0,139635661200.0
,EBITDARatio,0.107071513171614,0.0,0.0,0.150922239256473,0.145450210452076,0.163347561266026,0.173510940499864,0.166902593678478,0.172622585054032,0.178743211748471,0.180489308994225,0.166629637719794,0.200891953198714,0.247711736607707,0.236106303011553,0.162494929000682,0.214774963067927,0.197548397909741,0.174012503210574,0.149313199559742,0.141067897165458,0.127432561215162,0.149513224212375,0.149891471700245,0.133016228569356,0.123978026681886,0.113681325475003,0.111088148409293,0.128084598684339,0.1229658713783,0.138904169875674,0.135530240062583,0.134317226415947,0.10778665675525,0.0977451624940031,0.14575610981969
,,,,,,,,,,,,,,,,,,,,,,,,,,,,,,,,,,,,,,,,,,,,,,,,,,,,,,,,,,,,,,,,,,,,,,,,,,,,,,,,,,,,,,,,,,,,,,,,,,,,,
INCOME,,,,,,,,,,,,,,,,,,,,,,,,,,,,,,,,,,,,,,,,,,,,,,,,,,,,,,,,,,,,,,,,,,,,,,,,,,,,,,,,,,,,,,,,,,,,,,,,,,,,,
,operatingIncome,110547000000.0,195740000.0,362892000.0,353884000.0,244651000.0,347438000.0,383239000.0,347604000.0,342557000.0,374524000.0,392863000.0,219355000.0,481147000.0,768388000.0,719143000.0,384096000.0,552116000.0,448170000.0,342834652858.75,281087949746.56,245954240300.0,176500673700.0,256126302772.0,275699354360.0,221114429605.0,154073099608.0,110647745574.0,98524585020.0,146003894368.0,138170556020.0,158685358140.0,100962920650.0,88197682440.0,46467296228.0,30368799043.0,89017734015.0
,operatingIncomeRatio,0.0349805378890168,0.0,0.0,0.0867359556276141,0.0719247199827605,0.091424532618858,0.102820791296108,0.0931569553355595,0.0984419165765271,0.105279284247939,0.105981519333805,0.0683519044148372,0.117520292924484,0.171463662926273,0.173005699873387,0.102311256939245,0.15920974735665,0.140137557878622,0.117804053186745,0.0969327374846257,0.0884146341463415,0.0671373281210495,0.0922698691533549,0.0992527791248994,0.086402735141949,0.0710375496421013,0.0572734204344063,0.0536597819083626,0.0762731202284477,0.0738529751530813,0.0919007277242507,0.0858675988852491,0.0794987117479546,0.0474137397014186,0.0338136782814194,0.0929195200100521
,totalOtherIncomeExpensesNet,17664000000.0,0.0,0.0,0.0,0.0,0.0,0.0,0.0,0.0,0.0,0.0,0.0,0.0,0.0,0.0,0.0,0.0,0.0,-18561111400.7,865718826.24,-15243203150.0,-9878311170.0,7485208884.0,-9495148542.0,-4432732202.0,557039862.0,6768054960.0,3325818570.0,8299221280.0,60477727097.0,42867029790.0,13409025618.0,26728849888.0,17921538864.0,19293682629.0,19260091200.0
,incomeBeforeTax,130280000000.0,195740000.0,362892000.0,353884000.0,244651000.0,347438000.0,383239000.0,347604000.0,342557000.0,374524000.0,392863000.0,219355000.0,481147000.0,768388000.0,719143000.0,384096000.0,552116000.0,448170000.0,322128512400.0,278279497842.64,221312972050.0,154565914425.0,229250187464.0,229557640784.0,174872445770.0,113873389567.0,75513577914.0,58358071485.0,99241214464.0,133098472318.0,147530974320.0,73584363520.0,81214582352.0,38575019628.0,28964461515.0,82517453235.0
,incomeBeforeTaxRatio,0.0412246779757126,0.0,0.0,0.0867359556276141,0.0719247199827605,0.091424532618858,0.102820791296108,0.0931569553355595,0.0984419165765271,0.105279284247939,0.105981519333805,0.0683519044148372,0.117520292924484,0.171463662926273,0.173005699873387,0.102311256939245,0.15920974735665,0.140137557878622,0.110689056929643,0.0959642472615965,0.0795566908371786,0.0587937841569909,0.0825877099374497,0.0826415929411875,0.0683332048590486,0.0525029131292954,0.0390872934097185,0.0317837561847336,0.051844076592582,0.0711419165715125,0.0854407997107964,0.0625825062338043,0.0732043574560412,0.0393607136220033,0.0322500399793884,0.086134321794308
,incomeTaxExpense,34337000000.0,0.0,0.0,0.0,0.0,0.0,0.0,0.0,0.0,0.0,0.0,0.0,0.0,0.0,0.0,0.0,0.0,0.0,133332340848.75,114847159962.96,87218628550.0,84149712855.0,121631796112.0,110031246121.0,80659480461.0,58757389888.0,44509914384.0,37253632170.0,63336162400.0,80890990075.0,86168293500.0,40255820746.0,44004813840.0,25291711012.0,18128720816.0,45381589890.0
,netIncome,83318000000.0,195740000.0,362892000.0,353884000.0,244651000.0,347438000.0,383239000.0,347604000.0,342557000.0,374524000.0,392863000.0,219355000.0,309148000.0,488332000.0,455325000.0,384096000.0,343344000.0,275730000.0,188796171551.25,167114539152.48,134094343500.0,70416201570.0,107618391352.0,119526394663.0,94212965309.0,55115999679.0,31003663530.0,21104439315.0,35905052064.0,52207482243.0,61362680820.0,33328542774.0,37209768512.0,13283308616.0,10835740699.0,37135863345.0
,netIncomeRatio,0.0263644283050386,0.0,0.0,0.0867359556276141,0.0719247199827605,0.091424532618858,0.102820791296108,0.0931569553355595,0.0984419165765271,0.105279284247939,0.105981519333805,0.0683519044148372,0.0755094877802803,0.108969938942452,0.109538464943481,0.102311256939245,0.0990076568989516,0.0862175710865797,0.0648737052961816,0.0576291860541766,0.0482036914963744,0.0267849154948752,0.0387696803533024,0.0430299406272512,0.0368146841573069,0.0254119997146322,0.0160480979268846,0.0114941830073305,0.0187569678517176,0.0279052064344238,0.0355374628672021,0.0283454749914438,0.0335397550061022,0.0135538623552004,0.0120648909895343,0.0387635861029088
,,,,,,,,,,,,,,,,,,,,,,,,,,,,,,,,,,,,,,,,,,,,,,,,,,,,,,,,,,,,,,,,,,,,,,,,,,,,,,,,,,,,,,,,,,,,,,,,,,,,,
EPS,,,,,,,,,,,,,,,,,,,,,,,,,,,,,,,,,,,,,,,,,,,,,,,,,,,,,,,,,,,,,,,,,,,,,,,,,,,,,,,,,,,,,,,,,,,,,,,,,,,,,
,EPS,68.1050372943701,0.16,0.16,0.16,0.15,0.15,0.22903,0.20078,0.19134,0.20449,0.19971,0.10664,0.24621,0.37759,0.34195,0.43294,0.3878,0.311431582300141,145.173137,128.099091,102.808185,53.723287,84.911435,18.472171,71.206853,41.97089,23.899196,17.865672,31.631889,44.163357,52.496167,28.758264,34.28489,12.957904,11.708664,34.792552
,EPSDiluted,68.1050372943701,0.16,0.16,0.16,0.15,0.15,0.22903,0.20078,0.19134,0.20448,0.1997,0.10664,0.2462,0.37753,0.34184,0.43255,0.38678,0.311431582300141,143.331509,126.36467,101.36967,52.950679,83.450243,18.052379,71.206853,41.97089,23.899196,17.865672,31.631889,43.330086,52.496167,28.758264,34.28489,12.957904,11.708664,34.792552
,weightedAverageShsOut,1223375000.0,1223375000.0,2268075000.0,2211775000.0,1631006666.0,2316253333.0,1673313539.0,1731268054.0,1790305215.0,1831502762.0,1967167392.0,2056967366.0,1255627000.0,1293286000.0,1331554000.0,887180000.0,885363000.0,885363000.0,1300489713.0,1304572402.0,1304315836.0,1310720268.0,1267419300.0,1303250814.0,1323088456.0,1313195861.0,1297268033.0,1181284358.0,1135090350.0,1182144777.0,1168898309.0,1158920540.0,1085311003.0,1025112444.0,925446368.0,1067350940.0
,weightedAverageShsOutDil,1223375000.0,1223375000.0,2268075000.0,2211775000.0,1631006666.0,2316253333.0,1673313539.0,1731268054.0,1790305215.0,1831592331.0,1967265898.0,2056967366.0,1255678000.0,1293491000.0,1331982000.0,887980000.0,887698000.0,885363000.0,1317199356.0,1322478346.0,1322825102.0,1329845102.0,1289611478.0,1319340330.0,1323088456.0,1313195861.0,1297268033.0,1181284358.0,1135090350.0,1204878330.0,1168898309.0,1158920540.0,1085311003.0,1025112444.0,925446368.0,1067350940.0
