Date,2018-12-31,2017-12-31,2016-12-31,2015-12-31,2014-12-31,2013-12-31,2012-12-31,2011-12-31,2010-12-31,2009-12-31
Revenue,1671356.0,2666340.0,3998618.0,5517648.0,4786700.0,503233.0,1354500.0,1354500.0,0.0,0.0
Revenue Growth,-0.373164712677303,-0.333184615284581,-0.275303897602747,0.152703950529592,8.51189607994706,-0.628473237356958,0,0.0,0.0,0.0
Cost of Revenue,0.0,0.0,0.0,0.0,0.0,0.0,0.0,0.0,0.0,0.0
Gross Profit,0.0,0.0,0.0,0.0,0.0,0.0,0.0,0.0,0.0,0.0
R&D Expenses,12066800.0,10766095.0,16042082.0,13757279.0,7787384.0,5197178.0,4136951.0,4136951.0,4080884.0,4466536.0
SG&A Expense,4931642.0,4762642.0,4933054.0,4372195.0,3017301.0,2208955.0,2116729.0,2116729.0,2212669.0,3417174.0
Operating Expenses,16998442.0,15528737.0,20975136.0,18129474.0,10804685.0,7406133.0,6253680.0,6253680.0,6293553.0,7883710.0
Operating Income,-15327086.0,-12862397.0,-16976518.0,-12611826.0,-6017985.0,-6902900.0,-4899180.0,-4899180.0,-6293553.0,-7883710.0
Interest Expense,0.0,398807.0,344665.0,248626.0,200505.0,58134.0,0.0,0.0,0.0,0.0
Earnings before Tax,0.0,0.0,0.0,0.0,0.0,-8871109.0,0.0,0.0,-6031491.0,-7872297.0
Income Tax Expense,0.0,0.0,0.0,0.0,0.0,0.0,0.0,0.0,0.0,0.0
Net Income - Non-Controlling int,0.0,0.0,0.0,0.0,0.0,0.0,0.0,0.0,0.0,0.0
Net Income - Discontinued ops,0.0,0.0,0.0,0.0,0.0,0.0,0.0,0.0,0.0,0.0
Net Income,-15191095.0,2431423.0,-18806776.0,-12857339.0,-6216592.0,-8891924.0,-4884786.0,-4884786.0,-6031491.0,-7872297.0
Preferred Dividends,0.0,0.0,0.0,0.0,0.0,0.0,0.0,0.0,0.0,0.0
Net Income Com,-15191095.0,2431423.0,-18806776.0,-12857339.0,-6216592.0,-8891924.0,-4884786.0,-4884786.0,-6031491.0,-7872297.0
EPS,-0.52,0.1,-1.01,-0.81,-0.53,-0.85,-0.13,-0.13,-95.0,-155.0
EPS Diluted,-0.52,0.09,-1.01,-0.81,-0.53,-0.85,-0.13,-0.13,-95.0,-155.0
Weighted Average Shs Out,29410973.0,23193278.0,18551013.0,15902133.0,11696980.0,10501416.0,37328519.0,37328519.0,69260.0,54123.0
Weighted Average Shs Out (Dil),29410973.0,26788076.0,18551013.0,15902133.0,11696980.0,10501416.0,37328519.0,37328519.0,64337.0,50933.0
Dividend per Share,0.0,0.0,0.0,0.0,0.0,0.0,0.0,0.0,0.0,0.0
Gross Margin,0.0,0.0,0.0,0.0,0.0,0.0,0.0,0.0,0.0,0.0
EBITDA Margin,-9.07612381803,-4.76991793995,-4.21415574081,-2.26563220416,-1.24847786575,-13.6636051292,-3.61142340347,-3.61142340347,,
EBIT Margin,-9.17044962294,-4.82398981375,-4.24559635354,-2.28572500457,-1.25723045104,-13.7171051978,-3.61696566999,-3.61696566999,0.0,0.0
Profit Margin,-9.08908395339,0.911895332178,-4.70331899671,-2.33022095647,-1.2987218752,-17.6695963897,-3.60633887043,-3.60633887043,,
Free Cash Flow margin,-8.48348706081,-5.34930428978,-3.99977942379,-1.98399444836,0.161307581424,-12.3205672124,-3.43394536729,-3.43394536729,0.0,0.0
EBITDA,-15169434.0,-12718223.0,-16850799.0,-12500961.0,-5976089.0,-6875977.0,-4891673.0,-4891673.0,-6018565.0,-7712708.0
EBIT,-15327086.0,-12862397.0,-16976518.0,-12611826.0,-6017985.0,-6902900.0,-4899180.0,-4899180.0,-6031491.0,-7872297.0
Consolidated Income,-15191095.0,2431423.0,-18806776.0,-12857339.0,-6216592.0,-8891924.0,-4884786.0,-4884786.0,-6031491.0,-7872297.0
Earnings Before Tax Margin,0.0,0.0,0.0,0.0,0.0,-17.62823384,0.0,0.0,0.0,0.0
Net Profit Margin,-9.08908395339,0.911895332178,-4.70331899671,-2.33022095647,-1.2987218752,-17.6695963897,-3.60633887043,-3.60633887043,0.0,0.0
