Date,2018-12-31,2017-12-31,2016-12-31,2015-12-31,2014-12-31,2013-12-31,2012-12-31,2011-12-31,2010-12-31,2009-12-31
Revenue,42875000.0,82497000.0,11935000.0,0.0,0.0,6060000.0,5419000.0,31673000.0,34861000.0,49744000.0
Revenue Growth,-0.4803,5.9122,0.0,0.0,-1.0,0.1183,-0.8289,-0.0914,-0.2992,1.0652
Cost of Revenue,0.0,0.0,0.0,0.0,0.0,0.0,0.0,0.0,0.0,0.0
Gross Profit,42875000.0,82497000.0,11935000.0,0.0,0.0,6060000.0,5419000.0,31673000.0,34861000.0,49744000.0
R&D Expenses,62736000.0,49495000.0,37945000.0,33183000.0,33815000.0,33541000.0,34569000.0,28359000.0,33527000.0,27474000.0
SG&A Expense,20409000.0,16509000.0,14710000.0,14506000.0,13584000.0,11634000.0,10480000.0,7615000.0,7292000.0,6575000.0
Operating Expenses,83145000.0,66004000.0,52655000.0,47689000.0,47399000.0,45175000.0,45049000.0,35974000.0,40819000.0,34049000.0
Operating Income,-40270000.0,16493000.0,-40720000.0,-47689000.0,-47399000.0,-39115000.0,-39630000.0,-4301000.0,-5958000.0,15695000.0
Interest Expense,1224000.0,4000.0,0.0,0.0,24000.0,59000.0,794000.0,734000.0,81000.0,76000.0
Earnings before Tax,-37966000.0,17859000.0,-39963000.0,-47305000.0,-46929000.0,-38673000.0,-39891000.0,-4617000.0,-3169000.0,15916000.0
Income Tax Expense,0.0,0.0,0.0,0.0,0.0,0.0,0.0,0.0,-73000.0,293000.0
Net Income - Non-Controlling int,0.0,0.0,0.0,0.0,0.0,0.0,0.0,0.0,0.0,0.0
Net Income - Discontinued ops,0.0,0.0,0.0,0.0,0.0,0.0,0.0,0.0,0.0,0.0
Net Income,-37966000.0,17859000.0,-39963000.0,-47305000.0,-46929000.0,-38673000.0,-39891000.0,-4617000.0,-3096000.0,15623000.0
Preferred Dividends,0.0,0.0,0.0,0.0,0.0,0.0,0.0,0.0,0.0,0.0
Net Income Com,-37966000.0,17859000.0,-39963000.0,-47305000.0,-46929000.0,-38673000.0,-39891000.0,-4617000.0,-3096000.0,15623000.0
EPS,-0.76,0.37,-0.86,-1.08,-1.08,-0.95,-1.13,-1.1,-0.76,0.56
EPS Diluted,-0.76,0.36,-0.86,-1.08,-1.08,-0.95,-1.13,-1.1,-0.76,0.53
Weighted Average Shs Out,50525716.0,48766664.0,47805846.0,44131962.0,43340506.0,42865408.0,36265320.0,35254914.0,35254914.0,
Weighted Average Shs Out (Dil),49814000.0,48413000.0,46432000.0,43890000.0,43275000.0,40916000.0,35407000.0,4211000.0,4081648.0,3961640.0
Dividend per Share,0.0,0.0,0.0,0.0,0.0,0.0,0.0,0.0,0.0,0.0
Gross Margin,1.0,1.0,1.0,0.0,0.0,1.0,1.0,1.0,1.0,1.0
EBITDA Margin,-0.845,0.222,-3.319,-6.277,-7.106,-0.099,-0.07,0.336,,
EBIT Margin,-0.857,0.2165,-3.3484,0.0,0.0,-6.3719,-7.2148,-0.1226,-0.0886,0.3215
Profit Margin,-0.886,0.216,-3.348,-6.382,-7.361,-0.146,-0.089,0.314,,
Free Cash Flow margin,0.3638,0.0504,3.2544,0.0,0.0,-5.5894,-6.0341,0.1027,0.5004,-0.466
EBITDA,-36230000.0,18281000.0,-39615000.0,-46828000.0,-46362000.0,-38038000.0,-38505000.0,-3129000.0,-2428000.0,16705000.0
EBIT,-36742000.0,17863000.0,-39963000.0,-47305000.0,-46905000.0,-38614000.0,-39097000.0,-3883000.0,-3088000.0,15992000.0
Consolidated Income,-37966000.0,17859000.0,-39963000.0,-47305000.0,-46929000.0,-38673000.0,-39891000.0,-4617000.0,-3096000.0,15623000.0
Earnings Before Tax Margin,-0.8855,0.2165,-3.3484,0.0,0.0,-6.3817,-7.3613,-0.1458,-0.0909,0.32
Net Profit Margin,-0.8855,0.2165,-3.3484,0.0,0.0,-6.3817,-7.3613,-0.1458,-0.0888,0.3141
