date,,2020-12-31_FY,2019-12-31_FY,2018-12-31_FY,2017-12-31_FY,2016-12-31_FY,2015-12-31_FY,2014-12-31_FY,2013-12-31_FY,2012-12-31_FY,2011-12-31_FY,2010-12-31_FY,2009-12-31_FY,2008-12-31_FY,2007-12-31_FY,2006-12-31_FY,2005-12-31_FY,2004-12-31_FY,2003-12-31_FY,2002-12-31_FY,2001-12-31_FY,2000-12-31_FY,1999-12-31_FY,1998-12-31_FY,1997-12-31_FY,1996-12-31_FY,1995-12-31_FY,1994-12-31_FY,1993-12-31_FY,1992-12-31_FY,1991-12-31_FY,1990-12-31_FY,1989-12-31_FY,1988-12-31_FY,1987-12-31_FY,1986-12-31_FY,1985-12-31_FY
,revenue,785461000.0,711502000.0,625904000.0,709598000.0,665777000.0,646086000.0,635742000.0,745994000.0,895492000.0,1021200000.0,515457000.0,300618000.0,189465000.0,215319000.0,216573000.0,172336000.0,133450000.0,107720000.0,94488000.0,71912000.0,101200000.0,108900000.0,111700000.0,139037000.0,92700000.0,89200000.0,103900000.0,83700000.0,51500000.0,59200000.0,52100000.0,69300000.0,78200000.0,56400000.0,12900000.0,5600000.0
,costOfRevenue,571722000.0,730057000.0,569423000.0,586809000.0,532702000.0,623405000.0,640381000.0,696542000.0,675614000.0,644456000.0,399255000.0,288476000.0,139821000.0,128966000.0,101852000.0,104930000.0,79790000.0,84775000.0,89310000.0,79195000.0,86700000.0,66900000.0,97900000.0,150595000.0,77600000.0,61600000.0,66500000.0,57500000.0,41000000.0,45500000.0,35900000.0,41900000.0,41900000.0,30800000.0,12100000.0,4800000.0
,grossProfit,213739000.0,-18555000.0,56481000.0,122789000.0,133075000.0,22681000.0,-4639000.0,49452000.0,219878000.0,376744000.0,116202000.0,12142000.0,49644000.0,86353000.0,114721000.0,67406000.0,53660000.0,22945000.0,5178000.0,-7283000.0,7600000.0,18300000.0,2500000.0,-11558000.0,15100000.0,27600000.0,37400000.0,26200000.0,10500000.0,13700000.0,16200000.0,27400000.0,36300000.0,25600000.0,800000.0,800000.0
,grossProfitRatio,0.272119175872513,-0.0260786336510649,0.0902390781972954,0.173040228411016,0.199879238844238,0.0351052336685828,-0.00729698525502484,0.0662900774000863,0.245538765282102,0.368922835879358,0.22543490533643,0.0403901296662209,0.262022009342095,0.401046818905902,0.529710536401121,0.391131278432829,0.402098164106407,0.213005941329372,0.0548006096012192,-0.101276560240294,0.075098814229249,0.168044077134986,0.0223813786929275,-0.0831289512863482,0.162891046386192,0.309417040358744,0.359961501443696,0.313022700119474,0.203883495145631,0.231418918918919,0.310940499040307,0.395382395382395,0.464194373401535,0.453900709219858,0.062015503875969,0.142857142857143
,,,,,,,,,,,,,,,,,,,,,,,,,,,,,,,,,,,,,,,,,,,,,,,,,,,,,,,,,,,,,,,,,,,,,,,,,,,,,,,,,,,,,,,,,,,,,,,,,,,,,
COST And EXPENSES,,,,,,,,,,,,,,,,,,,,,,,,,,,,,,,,,,,,,,,,,,,,,,,,,,,,,,,,,,,,,,,,,,,,,,,,,,,,,,,,,,,,,,,,,,,,,,,,,,,,,
,ResearchAndDevelopmentExpenses,0.0,0.0,0.0,0.0,0.0,0.0,0.0,0.0,0.0,0.0,890000.0,97000.0,16950000.0,0.0,0.0,0.0,0.0,0.0,0.0,0.0,6700000.0,8500000.0,9400000.0,0.0,0.0,0.0,0.0,0.0,0.0,0.0,0.0,0.0,0.0,0.0,0.0,0.0
,GeneralAndAdministrativeExpenses,33722000.0,34493000.0,31345000.0,33616000.0,29376000.0,32834000.0,40845000.0,55343000.0,32977000.0,50820000.0,25066000.0,22097000.0,25846000.0,23875000.0,19369000.0,37388000.0,37014000.0,12264000.0,8806000.0,8714000.0,9700000.0,9300000.0,13100000.0,13392000.0,12600000.0,11500000.0,11900000.0,14300000.0,13000000.0,28600000.0,16000000.0,9900000.0,9700000.0,5400000.0,5600000.0,2500000.0
,SellingAndMarketingExpenses,0.0,0.0,0.0,0.0,0.0,0.0,0.0,0.0,0.0,0.0,0.0,0.0,0.0,0.0,0.0,0.0,0.0,0.0,0.0,0.0,0.0,0.0,0.0,0.0,0.0,0.0,0.0,0.0,0.0,0.0,0.0,0.0,0.0,0.0,0.0,0.0
,otherExpenses,-2167000.0,2575000.0,7704000.0,4651000.0,1964000.0,1913000.0,3618000.0,82768000.0,-23487000.0,0.0,0.0,0.0,0.0,0.0,0.0,0.0,0.0,0.0,0.0,0.0,2700000.0,0.0,0.0,0.0,0.0,0.0,0.0,0.0,0.0,0.0,0.0,0.0,0.0,0.0,0.0,0.0
,operatingExpenses,132019000.0,75441000.0,76785000.0,82863000.0,59525000.0,62274000.0,88622000.0,89572000.0,60508000.0,69948000.0,41302000.0,37403000.0,63327000.0,44859000.0,46141000.0,58273000.0,55814000.0,87680000.0,44265000.0,20061000.0,78100000.0,74000000.0,259300000.0,13392000.0,26000000.0,28400000.0,29700000.0,28200000.0,18800000.0,34800000.0,23000000.0,21600000.0,19200000.0,11800000.0,7500000.0,3000000.0
,costAndExpenses,703741000.0,805498000.0,646208000.0,669672000.0,592227000.0,685679000.0,729003000.0,786114000.0,736122000.0,714404000.0,440557000.0,325879000.0,203148000.0,173825000.0,147993000.0,163203000.0,135604000.0,172455000.0,133575000.0,99256000.0,164800000.0,140900000.0,357200000.0,163987000.0,103600000.0,90000000.0,96200000.0,85700000.0,59800000.0,80300000.0,58900000.0,63500000.0,61100000.0,42600000.0,19600000.0,7800000.0
,interestExpense,19183000.0,22884000.0,21751000.0,15371000.0,33776000.0,36879000.0,31998000.0,21519000.0,5884000.0,41384000.0,30942000.0,18102000.0,4139000.0,0.0,0.0,0.0,0.0,0.0,0.0,0.0,0.0,0.0,0.0,0.0,0.0,0.0,0.0,0.0,0.0,0.0,0.0,0.0,0.0,0.0,0.0,0.0
,,,,,,,,,,,,,,,,,,,,,,,,,,,,,,,,,,,,,,,,,,,,,,,,,,,,,,,,,,,,,,,,,,,,,,,,,,,,,,,,,,,,,,,,,,,,,,,,,,,,,
EBITDA,,,,,,,,,,,,,,,,,,,,,,,,,,,,,,,,,,,,,,,,,,,,,,,,,,,,,,,,,,,,,,,,,,,,,,,,,,,,,,,,,,,,,,,,,,,,,,,,,,,,,
,depreciationAndAmortization,131387000.0,178876000.0,128473000.0,0.0,0.0,0.0,0.0,0.0,0.0,0.0,0.0,102713000.0,0.0,20984000.0,26772000.0,20885000.0,18800000.0,16627000.0,13511000.0,11347000.0,26700000.0,22000000.0,31000000.0,35631000.0,13400000.0,16900000.0,17800000.0,13900000.0,5800000.0,6200000.0,7000000.0,11700000.0,9500000.0,6200000.0,1500000.0,400000.0
,EBITDA,213107000.0,84880000.0,108169000.0,190057000.0,195531000.0,97247000.0,55002000.0,186298000.0,372378000.0,531296000.0,219484000.0,77452000.0,16204000.0,62478000.0,95352000.0,30018000.0,16646000.0,-48108000.0,-25576000.0,-15997000.0,-36900000.0,-10000000.0,-214500000.0,10681000.0,2500000.0,16100000.0,25500000.0,11900000.0,-2500000.0,-14900000.0,200000.0,17500000.0,26600000.0,20000000.0,-5200000.0,-1800000.0
,EBITDARatio,0.271314552854948,0.119296923972104,0.172820432526394,0.267837564367431,0.293688427206107,0.150517113820761,0.0865162282812839,0.249731231082288,0.41583621070875,0.520266353309832,0.425804674298729,0.25764258959876,0.0855250310083657,0.290164825212824,0.440276488758987,0.174182991365704,0.12473585612589,-0.446602302265132,-0.270679874693083,-0.222452441873401,-0.364624505928854,-0.0918273645546373,-1.92032229185318,0.0768212777893654,0.0269687162891046,0.180493273542601,0.245428296438884,0.142174432497013,-0.0485436893203883,-0.251689189189189,0.00383877159309021,0.252525252525253,0.340153452685422,0.354609929078014,-0.403100775193798,-0.321428571428571
,,,,,,,,,,,,,,,,,,,,,,,,,,,,,,,,,,,,,,,,,,,,,,,,,,,,,,,,,,,,,,,,,,,,,,,,,,,,,,,,,,,,,,,,,,,,,,,,,,,,,
INCOME,,,,,,,,,,,,,,,,,,,,,,,,,,,,,,,,,,,,,,,,,,,,,,,,,,,,,,,,,,,,,,,,,,,,,,,,,,,,,,,,,,,,,,,,,,,,,,,,,,,,,
,operatingIncome,81720000.0,-93996000.0,-20304000.0,39926000.0,73550000.0,-39593000.0,-93261000.0,-40120000.0,159370000.0,306796000.0,74900000.0,-25261000.0,-13683000.0,41494000.0,68580000.0,9133000.0,-2154000.0,-64735000.0,-39087000.0,-27344000.0,-63600000.0,-32000000.0,-245500000.0,-24950000.0,-10900000.0,-800000.0,7700000.0,-2000000.0,-8300000.0,-21100000.0,-6800000.0,5800000.0,17100000.0,13800000.0,-6700000.0,-2200000.0
,operatingIncomeRatio,0.104040811701663,-0.132109256193236,-0.032439479536798,0.0562656602752544,0.110472425451765,-0.0612813154905075,-0.146696301329785,-0.0537805934095985,0.177969205755049,0.300426948687818,0.145307950032689,-0.0840302310573552,-0.0722191433774048,0.19270942183458,0.316659971464587,0.0529953114845418,-0.0161408767328587,-0.600956182695878,-0.413671577343155,-0.380242518633886,-0.628458498023715,-0.293847566574839,-2.19785138764548,-0.179448635974597,-0.117583603020496,-0.00896860986547085,0.0741097208854668,-0.02389486260454,-0.161165048543689,-0.356418918918919,-0.130518234165067,0.0836940836940837,0.218670076726343,0.24468085106383,-0.51937984496124,-0.392857142857143
,totalOtherIncomeExpensesNet,1660000.0,-239457000.0,-22843000.0,16437000.0,-35517000.0,-308150000.0,-1475696000.0,-740579000.0,-30348000.0,-57576000.0,-137394000.0,-50699000.0,1756000.0,-1014000.0,-4730000.0,-5958000.0,-17658000.0,-47957000.0,-85712000.0,-18708000.0,0.0,0.0,0.0,0.0,-95600000.0,9500000.0,0.0,-9400000.0,4900000.0,7800000.0,6900000.0,8100000.0,7000000.0,3800000.0,800000.0,1400000.0
,incomeBeforeTax,62672000.0,-358025000.0,-65735000.0,39923000.0,1113000.0,-393446000.0,-1615128000.0,-808679000.0,117289000.0,207836000.0,-92665000.0,-90814000.0,-13509000.0,58817000.0,83645000.0,12034000.0,-22643000.0,-64735000.0,-81208000.0,-51290000.0,-63600000.0,-32000000.0,-245500000.0,-14325000.0,-55800000.0,-1100000.0,-3600000.0,-16700000.0,-4500000.0,-15000000.0,-2700000.0,10700000.0,20200000.0,13700000.0,-7900000.0,-1900000.0
,incomeBeforeTaxRatio,0.0797900850583288,-0.50319605566815,-0.105024093151665,0.056261432529404,0.0016717309249193,-0.608968465498401,-2.54054003038969,-1.08402882596911,0.130977161158335,0.203521347434391,-0.179772512547118,-0.302091025820144,-0.0713007679518645,0.273162145467887,0.386220812381968,0.0698287067124687,-0.169674035219183,-0.600956182695878,-0.859453052239438,-0.713232840137946,-0.628458498023715,-0.293847566574839,-2.19785138764548,-0.103030128670785,-0.601941747572815,-0.0123318385650224,-0.0346487006737247,-0.199522102747909,-0.087378640776699,-0.253378378378378,-0.0518234165067179,0.154401154401154,0.258312020460358,0.24290780141844,-0.612403100775194,-0.339285714285714
,incomeTaxExpense,37045000.0,-11129000.0,-16780000.0,28998000.0,-54239000.0,-26263000.0,-459244000.0,-158116000.0,68612000.0,114337000.0,-9481000.0,-25921000.0,-13501000.0,14927000.0,8226000.0,1483000.0,-5785000.0,-7000.0,0.0,-6000.0,300000.0,300000.0,900000.0,-242000.0,-1200000.0,200000.0,300000.0,-3400000.0,-3700000.0,-600000.0,-1000000.0,1300000.0,4800000.0,4300000.0,-3200000.0,-1200000.0
,netIncome,25627000.0,-341203000.0,-48405000.0,-1319000.0,55352000.0,-367183000.0,-1155884000.0,-650563000.0,48677000.0,93499000.0,-91308000.0,-31907000.0,-8000.0,43890000.0,88486000.0,10998000.0,-17766000.0,-67590000.0,-82678000.0,-3067000.0,-47800000.0,-28300000.0,-234300000.0,-14083000.0,-54600000.0,1100000.0,-3900000.0,-8100000.0,-800000.0,-14400000.0,-1700000.0,9400000.0,15400000.0,9400000.0,-4700000.0,-700000.0
,netIncomeRatio,0.0326266994796686,-0.47955311439743,-0.0773361410056494,-0.00185879892558885,0.0831389489273435,-0.568319078265123,-1.8181652305495,-0.872075378622348,0.0543578278756259,0.0915579710144928,-0.177139897217421,-0.106138022340645,-4.22241574961075e-05,0.203837097515779,0.408573552566571,0.0638171943180763,-0.133128512551517,-0.627460081693279,-0.8750105833545,-0.0426493492045834,-0.472332015810277,-0.259871441689624,-2.09758281110116,-0.101289584786783,-0.588996763754045,0.0123318385650224,-0.0375360923965351,-0.0967741935483871,-0.0155339805825243,-0.243243243243243,-0.0326295585412668,0.135642135642136,0.19693094629156,0.166666666666667,-0.364341085271318,-0.125
,,,,,,,,,,,,,,,,,,,,,,,,,,,,,,,,,,,,,,,,,,,,,,,,,,,,,,,,,,,,,,,,,,,,,,,,,,,,,,,,,,,,,,,,,,,,,,,,,,,,,
EPS,,,,,,,,,,,,,,,,,,,,,,,,,,,,,,,,,,,,,,,,,,,,,,,,,,,,,,,,,,,,,,,,,,,,,,,,,,,,,,,,,,,,,,,,,,,,,,,,,,,,,
,EPS,0.106423092735556,-1.56,-0.26,-0.00732387171286425,0.35,-2.83,-11.28,-6.65,0.544260205507788,1.05,-1.05,-0.44,-0.1,1.5,3.3,0.452750962270753,-0.8,-4.0,-10.4,-0.7,-13.65714,-11.79167,-106.5,-6.43353129282777,-25.4320182588849,0.7,-2.6,-5.3,-0.5,-9.4,-1.7,9.4,14.5,10.8,-6.7,-1.0
,EPSDiluted,0.105657001265724,-1.56,-0.26,-0.00716287253453819,0.34,-2.83,-11.28,-6.65,0.54325190004799,1.04,-1.05,-0.44,-0.1,1.4,3.0,0.451324056253411,-0.8,-4.0,-10.4,-0.7,-13.65714,-11.79167,-106.5,-6.43323740349916,-25.1617541337168,0.7,-2.6,-5.3,-0.5,-9.4,-1.7,9.4,14.5,10.8,-6.7,-1.0
,weightedAverageShsOut,240803000.0,218800000.0,188606000.0,180096000.0,159853000.0,129639000.0,102400000.0,97900000.0,89437000.0,89383000.0,87185000.0,71565000.0,55073300.0,28597200.0,27135700.0,24291500.0,21596900.0,16818600.0,7819300.0,4194600.0,3500000.0,2400000.0,2200000.0,2189000.0,2146900.0,1588835.0,1538788.0,1528302.0,1600000.0,1531915.0,1000000.0,1000000.0,1062069.0,870370.0,701493.0,700000.0
,weightedAverageShsOutDil,242549000.0,218800000.0,188606000.0,184144000.0,163459000.0,129639000.0,102400000.0,97900000.0,89603000.0,89725000.0,87185000.0,71565000.0,55073300.0,31052400.0,29608200.0,24368300.0,21596900.0,16818600.0,7819300.0,4194600.0,3500000.0,2400000.0,2200000.0,2189100.0,2169960.0,1588835.0,1538788.0,1528302.0,1600000.0,1531915.0,1000000.0,1000000.0,1062069.0,870370.0,701493.0,700000.0
