date,,2021-01-02_FY,2019-12-28_FY,2018-12-29_FY,2017-12-30_FY,2016-12-31_FY,2016-01-02_FY,2015-01-03_FY,2013-12-28_FY,2012-12-29_FY,2011-12-31_FY,2011-01-01_FY,2010-01-02_FY,2009-01-03_FY,2007-12-29_FY,2006-12-30_FY,2005-12-31_FY,2005-01-01_FY,2004-01-03_FY,2002-12-28_FY,2001-12-29_FY,2000-12-31_FY,2000-01-01_FY,1999-01-02_FY,1998-01-03_FY,1996-12-28_FY,1995-12-31_FY,1994-12-31_FY,1993-12-31_FY,1992-12-31_FY,1991-12-31_FY,1990-12-31_FY,1989-12-31_FY,1988-12-31_FY,1987-12-31_FY,1986-12-31_FY
,revenue,2682891000.0,2336319000.0,2138022000.0,1943032000.0,1816083000.0,1702091000.0,1580932000.0,1460100000.0,1326400000.0,1149835000.0,936000000.0,852600000.0,1038600000.0,1615000000.0,1483900000.0,1329192000.0,1197500000.0,1119500000.0,1293100000.0,1430400000.0,1279550000.0,1093300000.0,1216100000.0,915900000.0,741500000.0,548418000.0,429072000.0,368600000.0,434500000.0,392300000.0,231400000.0,142800000.0,67100000.0,23900000.0,16600000.0
,costOfRevenue,305498000.0,266357000.0,258747000.0,237390000.0,256492000.0,238453000.0,223706000.0,200200000.0,191100000.0,195156000.0,156400000.0,169200000.0,209500000.0,214500000.0,227100000.0,228780000.0,226100000.0,216600000.0,250000000.0,354900000.0,368857000.0,324800000.0,280700000.0,183100000.0,153500000.0,116530000.0,94607000.0,45400000.0,69200000.0,61400000.0,97400000.0,47200000.0,23200000.0,8900000.0,6500000.0
,grossProfit,2377393000.0,2069962000.0,1879275000.0,1705642000.0,1559591000.0,1463638000.0,1357226000.0,1259900000.0,1135300000.0,954679000.0,779600000.0,683400000.0,829100000.0,1400500000.0,1256800000.0,1100412000.0,971400000.0,902900000.0,1043100000.0,1075600000.0,910693000.0,768500000.0,935400000.0,732800000.0,588000000.0,431888000.0,334465000.0,323200000.0,365300000.0,330900000.0,134000000.0,95600000.0,43900000.0,15000000.0,10100000.0
,grossProfitRatio,0.886131042968201,0.885992880253082,0.878978326696358,0.877824966341265,0.858766366955695,0.859905845222141,0.858497392677231,0.862886103691528,0.855925814234017,0.830274778555184,0.832905982905983,0.801548205489092,0.798286154438667,0.8671826625387,0.846957342138958,0.827880396511565,0.811189979123173,0.806520768200089,0.806666151109736,0.751957494407159,0.711729123519988,0.702917771883289,0.769180166104761,0.800087345780107,0.792987188132165,0.787516091740242,0.779507868143342,0.87683125339121,0.840736478711162,0.843487127198573,0.579083837510804,0.669467787114846,0.65424739195231,0.627615062761506,0.608433734939759
,,,,,,,,,,,,,,,,,,,,,,,,,,,,,,,,,,,,,,,,,,,,,,,,,,,,,,,,,,,,,,,,,,,,,,,,,,,,,,,,,,,,,,,,,,,,,,,,,,,,,
COST And EXPENSES,,,,,,,,,,,,,,,,,,,,,,,,,,,,,,,,,,,,,,,,,,,,,,,,,,,,,,,,,,,,,,,,,,,,,,,,,,,,,,,,,,,,,,,,,,,,,,,,,,,,,
,ResearchAndDevelopmentExpenses,1033732000.0,935938000.0,884816000.0,804223000.0,735340000.0,637567000.0,603006000.0,534000000.0,454100000.0,400745000.0,376400000.0,354700000.0,457900000.0,494000000.0,460100000.0,370140000.0,351300000.0,340100000.0,326400000.0,297300000.0,263947000.0,219200000.0,179400000.0,140400000.0,115300000.0,88566000.0,72574000.0,0.0,0.0,0.0,0.0,0.0,0.0,0.0,0.0
,GeneralAndAdministrativeExpenses,-362035000.0,139806000.0,133406000.0,134181000.0,125106000.0,109982000.0,113619000.0,121343000.0,112122000.0,92863000.0,86442000.0,122667000.0,151991000.0,168952000.0,143321000.0,0.0,114863000.0,50699000.0,153299000.0,526100000.0,484617000.0,440900000.0,369800000.0,314400000.0,280900000.0,225462000.0,203137000.0,281500000.0,262000000.0,304800000.0,61400000.0,40300000.0,17100000.0,7700000.0,6200000.0
,SellingAndMarketingExpenses,516460000.0,481673000.0,439669000.0,419161000.0,395194000.0,402432000.0,399688000.0,378157000.0,342278000.0,323798000.0,305558000.0,286833000.0,358409000.0,407148000.0,405579000.0,0.0,325937000.0,399601000.0,399601000.0,0.0,0.0,0.0,0.0,0.0,0.0,0.0,0.0,0.0,0.0,0.0,0.0,0.0,0.0,0.0,0.0
,otherExpenses,0.0,0.0,0.0,0.0,477000.0,0.0,0.0,0.0,0.0,0.0,2541000.0,-1042000.0,-16843000.0,0.0,70402000.0,0.0,-8537000.0,0.0,0.0,0.0,0.0,0.0,0.0,0.0,0.0,0.0,0.0,0.0,0.0,0.0,0.0,0.0,0.0,0.0,0.0
,operatingExpenses,1704617000.0,1578166000.0,1483066000.0,1381687000.0,1273735000.0,1178208000.0,1152538000.0,1071400000.0,924800000.0,833942000.0,815700000.0,812200000.0,2428400000.0,1085100000.0,1075400000.0,936846000.0,870200000.0,912800000.0,868300000.0,835100000.0,847278000.0,781300000.0,830200000.0,498800000.0,496700000.0,314028000.0,275711000.0,325500000.0,299600000.0,344800000.0,81500000.0,54900000.0,24000000.0,10500000.0,7800000.0
,costAndExpenses,2037339000.0,1844523000.0,1741813000.0,1619077000.0,1530227000.0,1416661000.0,1376244000.0,1271600000.0,1115900000.0,1029098000.0,972100000.0,981400000.0,2637900000.0,1299600000.0,1302500000.0,1165626000.0,1096300000.0,1129400000.0,1118300000.0,1190000000.0,1216135000.0,1106100000.0,1110900000.0,681900000.0,650200000.0,430558000.0,370318000.0,370900000.0,368800000.0,406200000.0,178900000.0,102100000.0,47200000.0,19400000.0,14300000.0
,interestExpense,20749000.0,18829000.0,23139000.0,25664000.0,23670000.0,28311000.0,34121000.0,37581000.0,34742000.0,43025000.0,-27200000.0,28872000.0,11614000.0,12374000.0,12348000.0,0.0,6198000.0,2803000.0,2803000.0,6600000.0,0.0,1800000.0,8400000.0,28700000.0,-400000.0,0.0,0.0,0.0,0.0,0.0,0.0,0.0,0.0,0.0,0.0
,,,,,,,,,,,,,,,,,,,,,,,,,,,,,,,,,,,,,,,,,,,,,,,,,,,,,,,,,,,,,,,,,,,,,,,,,,,,,,,,,,,,,,,,,,,,,,,,,,,,,
EBITDA,,,,,,,,,,,,,,,,,,,,,,,,,,,,,,,,,,,,,,,,,,,,,,,,,,,,,,,,,,,,,,,,,,,,,,,,,,,,,,,,,,,,,,,,,,,,,,,,,,,,,
,depreciationAndAmortization,145653000.0,122789000.0,118721000.0,115524000.0,18095000.0,118165000.0,115634000.0,98300000.0,89200000.0,16536000.0,88300000.0,93100000.0,128700000.0,130600000.0,147100000.0,47762000.0,179200000.0,191600000.0,203900000.0,230400000.0,91893000.0,163900000.0,102400000.0,56600000.0,51700000.0,46019000.0,44257000.0,44000000.0,37600000.0,40000000.0,20100000.0,14600000.0,6900000.0,2800000.0,1600000.0
,EBITDA,791205000.0,614585000.0,514930000.0,439479000.0,303951000.0,403595000.0,320322000.0,286800000.0,299800000.0,137273000.0,52100000.0,-35700000.0,-1470500000.0,446000000.0,328500000.0,211328000.0,280400000.0,181600000.0,378700000.0,470900000.0,155308000.0,151100000.0,207600000.0,290600000.0,143000000.0,163879000.0,103011000.0,41700000.0,103300000.0,26100000.0,72600000.0,55300000.0,26800000.0,7300000.0,3900000.0
,EBITDARatio,0.2949076201754,0.263056971244081,0.240844107310402,0.226182070084281,0.167366249229798,0.237117169411036,0.202615925289639,0.196424902403945,0.22602533172497,0.119384955232707,0.0556623931623932,-0.041871921182266,-1.4158482572694,0.276160990712074,0.221376103511018,0.158989822388338,0.234154488517745,0.162215274676195,0.292862114298971,0.329208612975392,0.121377046617952,0.138205433092472,0.170709645588356,0.317283546238672,0.192852326365475,0.298821337009361,0.240078588208972,0.113130765056972,0.237744533947066,0.0665307162885547,0.313742437337943,0.387254901960784,0.399403874813711,0.305439330543933,0.234939759036145
,,,,,,,,,,,,,,,,,,,,,,,,,,,,,,,,,,,,,,,,,,,,,,,,,,,,,,,,,,,,,,,,,,,,,,,,,,,,,,,,,,,,,,,,,,,,,,,,,,,,,
INCOME,,,,,,,,,,,,,,,,,,,,,,,,,,,,,,,,,,,,,,,,,,,,,,,,,,,,,,,,,,,,,,,,,,,,,,,,,,,,,,,,,,,,,,,,,,,,,,,,,,,,,
,operatingIncome,645552000.0,491796000.0,396209000.0,323955000.0,285856000.0,285430000.0,204688000.0,188500000.0,210600000.0,120737000.0,-36200000.0,-128800000.0,-1599200000.0,315400000.0,181400000.0,163566000.0,101200000.0,-10000000.0,174800000.0,240500000.0,63415000.0,-12800000.0,105200000.0,234000000.0,91300000.0,117860000.0,58754000.0,-2300000.0,65700000.0,-13900000.0,52500000.0,40700000.0,19900000.0,4500000.0,2300000.0
,operatingIncomeRatio,0.240618049708318,0.210500364034192,0.185315679632857,0.166726538729161,0.157402497573073,0.167693736703854,0.129472994410892,0.129100746524211,0.158775633293124,0.105003761409246,-0.0386752136752137,-0.151067323481117,-1.53976506836126,0.195294117647059,0.122245434328459,0.123056714154163,0.0845093945720251,-0.00893255917820455,0.135179027144072,0.168134787472036,0.0495603923254269,-0.0117076740144517,0.0865060439108626,0.255486406812971,0.123128792987188,0.21490906571265,0.136932729238916,-0.00623982637004883,0.151208285385501,-0.0354320672954372,0.226879861711322,0.285014005602241,0.296572280178838,0.188284518828452,0.13855421686747
,totalOtherIncomeExpensesNet,7945000.0,-710000.0,-471000.0,197000.0,-27950000.0,204000.0,205000.0,200000.0,300000.0,16411000.0,600000.0,300000.0,1500000.0,300000.0,-100000.0,-29637000.0,4200000.0,-10500000.0,-18300000.0,-4900000.0,-2240000.0,-400000.0,-900000.0,-3000000.0,-400000.0,17237000.0,-9891000.0,2300000.0,3500000.0,5200000.0,4600000.0,2400000.0,-300000.0,500000.0,200000.0
,incomeBeforeTax,632748000.0,478968000.0,376390000.0,315046000.0,237153000.0,267596000.0,181002000.0,159000000.0,188300000.0,95426000.0,-62800000.0,-153500000.0,-1601700000.0,364100000.0,241900000.0,128483000.0,86400000.0,-30600000.0,158000000.0,242100000.0,67996000.0,-11400000.0,112700000.0,259600000.0,90500000.0,135097000.0,48863000.0,0.0,68400000.0,-11500000.0,56300000.0,42400000.0,19000000.0,4800000.0,2300000.0
,incomeBeforeTaxRatio,0.235845585974235,0.205009675476679,0.176045896627818,0.162141436682463,0.130584890668543,0.157216036040376,0.114490692831823,0.108896650914321,0.141963208685163,0.0829910378445603,-0.0670940170940171,-0.180037532254281,-1.5421721548238,0.225448916408669,0.163016375766561,0.0966624836742924,0.0721503131524008,-0.0273336310853059,0.122186992498647,0.169253355704698,0.0531405572271502,-0.010427147169121,0.0926732998931009,0.28343705644721,0.122049898853675,0.246339470987458,0.113880654062721,0.0,0.157422324510932,-0.0293143002803977,0.243301642178047,0.296918767507003,0.283159463487332,0.200836820083682,0.13855421686747
,incomeTaxExpense,42104000.0,-510011000.0,30613000.0,110945000.0,34067000.0,15179000.0,22104000.0,-5247000.0,-251677000.0,23197000.0,-189306000.0,-3634000.0,252313000.0,67819000.0,99704000.0,79140000.0,11963000.0,86017000.0,86017000.0,100900000.0,18019000.0,2700000.0,80700000.0,77900000.0,61400000.0,37827000.0,12215000.0,0.0,13000000.0,10200000.0,18300000.0,14600000.0,5900000.0,1600000.0,800000.0
,netIncome,590644000.0,988979000.0,345777000.0,204101000.0,203086000.0,252417000.0,158898000.0,164200000.0,439900000.0,72229000.0,126500000.0,-149900000.0,-1854000000.0,296300000.0,142600000.0,49343000.0,74500000.0,-17600000.0,71900000.0,141300000.0,49977000.0,-14100000.0,32000000.0,169500000.0,29000000.0,97270000.0,36648000.0,-12800000.0,55400000.0,-21700000.0,38000000.0,27800000.0,13100000.0,3200000.0,1500000.0
,netIncomeRatio,0.220152067303517,0.423306491964496,0.161727521980597,0.105042531466286,0.111826386789591,0.148298181472083,0.100509066803632,0.112458050818437,0.331649577804584,0.0628168389377606,0.135149572649573,-0.175815153647666,-1.78509532062392,0.183467492260062,0.0960981198193948,0.0371225526485263,0.0622129436325679,-0.01572130415364,0.0556028149408398,0.0987835570469799,0.0390582626704701,-0.0128967346565444,0.0263136255242168,0.185063871601703,0.0391099123398517,0.177364710859235,0.0854122385054257,-0.0347259902333152,0.127502876869965,-0.0553148100943156,0.164217804667243,0.194677871148459,0.195230998509687,0.133891213389121,0.0903614457831325
,,,,,,,,,,,,,,,,,,,,,,,,,,,,,,,,,,,,,,,,,,,,,,,,,,,,,,,,,,,,,,,,,,,,,,,,,,,,,,,,,,,,,,,,,,,,,,,,,,,,,
EPS,,,,,,,,,,,,,,,,,,,,,,,,,,,,,,,,,,,,,,,,,,,,,,,,,,,,,,,,,,,,,,,,,,,,,,,,,,,,,,,,,,,,,,,,,,,,,,,,,,,,,
,EPS,2.15852620115264,3.52558,1.22989,0.72836,0.71,0.80825,0.51796,0.55737,1.56715,0.273706667879284,0.47574,-0.58146,-7.2906,1.00237,0.45632,0.18,0.24362,-0.06597,0.26879,0.54831,0.2,-0.05826,0.13699,0.77186,0.15778,1.57,0.186667,-0.07,0.27,-0.13,0.27,0.21,0.13,0.07,0.04
,EPSDiluted,2.15777706336217,3.52558,1.22989,0.72836,0.7,0.80825,0.51796,0.55737,1.56715,0.266708761668439,0.47574,-0.58146,-7.2906,1.00237,0.45632,0.16,0.24362,-0.06597,0.26879,0.54831,0.19,-0.05826,0.13699,0.77186,0.15778,1.57,0.185458,-0.07,0.27,-0.13,0.27,0.21,0.13,0.07,0.04
,weightedAverageShsOut,273633000.0,273239000.0,273729000.0,272097000.0,284502000.0,288018000.0,283349000.0,277796000.0,270479000.0,263892000.0,260787000.0,257782000.0,254323000.0,271455000.0,279354000.0,278520000.0,271328000.0,267605000.0,259870000.0,257700000.0,244565000.0,242000000.0,233600000.0,219600000.0,183800000.0,61965000.0,196328571.0,182857143.0,202962963.0,176923077.0,140740741.0,132380952.0,100769231.0,45714286.0,26686000.0
,weightedAverageShsOutDil,273728000.0,273239000.0,273729000.0,272097000.0,291256000.0,288018000.0,283349000.0,277796000.0,270479000.0,270816000.0,260787000.0,257782000.0,254323000.0,271455000.0,279354000.0,314383000.0,271328000.0,267605000.0,259870000.0,257700000.0,262696000.0,242000000.0,233600000.0,219600000.0,183800000.0,61965000.0,197608500.0,182857143.0,202962963.0,176923077.0,140740741.0,132380952.0,100769231.0,45714286.0,26686000.0
