date,,2020-12-31_FY,2019-12-31_FY,2018-12-31_FY,2017-12-31_FY,2016-12-31_FY,2015-12-31_FY,2014-12-31_FY,2013-12-31_FY,2012-12-31_FY,2011-12-31_FY,2010-12-31_FY,2009-12-31_FY,2008-12-31_FY,2006-12-31_FY,2005-12-31_FY,2004-12-31_FY,2003-12-31_FY,2002-12-31_FY,2001-12-31_FY,2000-12-31_FY,1999-12-31_FY,1998-12-31_FY,1997-12-31_FY,1996-12-31_FY,1995-12-31_FY,1994-12-31_FY,1993-12-31_FY
,revenue,18467500000.0,18032400000.0,16240500000.0,15191500000.0,13981900000.0,12988700000.0,12074500000.0,10768600000.0,10128200000.0,9602400000.0,8801200000.0,7162600000.0,8071200000.0,6785473000.0,6291845000.0,5737774000.0,4664616000.0,4264579000.0,3961545000.0,3842452000.0,2561239000.0,1733489000.0,1276929000.0,927895000.0,628700000.0,413300000.0,270900000.0
,costOfRevenue,15257400000.0,14992500000.0,13533600000.0,12741600000.0,11654700000.0,10872900000.0,10153200000.0,9008300000.0,8458600000.0,8015000000.0,7410400000.0,6029700000.0,6710200000.0,5715630000.0,5324215000.0,4867650000.0,3990824000.0,3700744000.0,3434510000.0,3352609000.0,2237700000.0,1513314000.0,1106124000.0,805413000.0,546400000.0,357600000.0,235700000.0
,grossProfit,3210100000.0,3039900000.0,2706900000.0,2449900000.0,2327200000.0,2115800000.0,1921300000.0,1760300000.0,1669600000.0,1587400000.0,1390800000.0,1132900000.0,1361000000.0,1069843000.0,967630000.0,870124000.0,673792000.0,563835000.0,527035000.0,489843000.0,323539000.0,220175000.0,170805000.0,122482000.0,82300000.0,55700000.0,35200000.0
,grossProfitRatio,0.173824285907676,0.168579889532175,0.166675902835504,0.161267814238225,0.166443759431837,0.162895439882359,0.159120460474554,0.163466003008748,0.164846665745147,0.165312838457052,0.158023905831023,0.158168821377712,0.168624244226385,0.157666679979421,0.153791137575703,0.151648357010924,0.144447474347299,0.132213519787065,0.133037741588194,0.127481878758668,0.126321284347146,0.127012631750187,0.133762331343403,0.13199984912086,0.130905042150469,0.134768932978466,0.129937246216316
,,,,,,,,,,,,,,,,,,,,,,,,,,,,,,,,,,,,,,,,,,,,,,,,,,,,,,,,,,,,,,,,,,,,,,,,,,,,,,,,,,,,,,,,,,,,,,,,,,,,,
COST And EXPENSES,,,,,,,,,,,,,,,,,,,,,,,,,,,,,,,,,,,,,,,,,,,,,,,,,,,,,,,,,,,,,,,,,,,,,,,,,,,,,,,,,,,,,,,,,,,,,,,,,,,,,
,ResearchAndDevelopmentExpenses,0.0,0.0,0.0,0.0,0.0,0.0,0.0,0.0,0.0,0.0,0.0,0.0,0.0,0.0,0.0,0.0,0.0,0.0,0.0,0.0,0.0,0.0,0.0,0.0,0.0,0.0,0.0
,GeneralAndAdministrativeExpenses,2030900000.0,1713100000.0,1537100000.0,1410100000.0,1345100000.0,1226000000.0,1110300000.0,1120900000.0,1029500000.0,994000000.0,932100000.0,821100000.0,894800000.0,530120000.0,433482000.0,386563000.0,325205000.0,261611000.0,253328000.0,217756000.0,165627000.0,115537000.0,90315000.0,64879000.0,49200000.0,34600000.0,21800000.0
,SellingAndMarketingExpenses,0.0,193200000.0,182500000.0,173700000.0,162900000.0,147800000.0,138000000.0,130800000.0,129500000.0,122700000.0,106000000.0,101900000.0,141300000.0,118324000.0,0.0,0.0,0.0,0.0,0.0,0.0,0.0,0.0,0.0,0.0,0.0,0.0,0.0
,otherExpenses,-22000000.0,-24500000.0,1800000.0,2100000.0,1800000.0,-9300000.0,2700000.0,1000000.0,100000.0,0.0,0.0,0.0,0.0,0.0,0.0,0.0,0.0,0.0,0.0,0.0,0.0,0.0,0.0,0.0,0.0,0.0,0.0
,operatingExpenses,2030900000.0,1906300000.0,1719600000.0,1583800000.0,1508000000.0,1373800000.0,1248300000.0,1251700000.0,1159000000.0,1116700000.0,1038100000.0,923000000.0,1036100000.0,673444000.0,547996000.0,477365000.0,389334000.0,265657000.0,258837000.0,230235000.0,165627000.0,115537000.0,90315000.0,68879000.0,51400000.0,36300000.0,22800000.0
,costAndExpenses,17288300000.0,16898800000.0,15253200000.0,14325400000.0,13162700000.0,12246700000.0,11401500000.0,10260000000.0,9617600000.0,9131700000.0,8448500000.0,6952700000.0,7746300000.0,6389074000.0,5872211000.0,5345015000.0,4380158000.0,3966401000.0,3693347000.0,3582844000.0,2403327000.0,1628851000.0,1196439000.0,874292000.0,597800000.0,393900000.0,258500000.0
,interestExpense,154900000.0,159400000.0,148600000.0,150500000.0,146500000.0,159500000.0,197300000.0,250100000.0,307400000.0,0.0,0.0,0.0,0.0,0.0,0.0,0.0,0.0,0.0,0.0,0.0,0.0,0.0,0.0,0.0,0.0,0.0,0.0
,,,,,,,,,,,,,,,,,,,,,,,,,,,,,,,,,,,,,,,,,,,,,,,,,,,,,,,,,,,,,,,,,,,,,,,,,,,,,,,,,,,,,,,,,,,,,,,,,,,,,
EBITDA,,,,,,,,,,,,,,,,,,,,,,,,,,,,,,,,,,,,,,,,,,,,,,,,,,,,,,,,,,,,,,,,,,,,,,,,,,,,,,,,,,,,,,,,,,,,,,,,,,,,,
,depreciationAndAmortization,425600000.0,267100000.0,265600000.0,260900000.0,254500000.0,227400000.0,207900000.0,208200000.0,210200000.0,204900000.0,209400000.0,218200000.0,218400000.0,28138000.0,21493000.0,16998000.0,15135000.0,15564000.0,15383000.0,10478000.0,6788000.0,4758000.0,2672000.0,1975000.0,2200000.0,1700000.0,1000000.0
,EBITDA,1604800000.0,1400700000.0,1252900000.0,1127000000.0,1073700000.0,969400000.0,880900000.0,716800000.0,720800000.0,675600000.0,562100000.0,428100000.0,543300000.0,424537000.0,441127000.0,409757000.0,299593000.0,313742000.0,283581000.0,270086000.0,164700000.0,109396000.0,83162000.0,55578000.0,33100000.0,21100000.0,13400000.0
,EBITDARatio,0.0868986056585894,0.0776768483396553,0.0771466395739047,0.0741862225586677,0.0767921384075126,0.0746341050297566,0.072955401879995,0.0665638987426406,0.0711676309709524,0.0703574106473382,0.0638662909603236,0.0597687990394549,0.0673134106452572,0.0625655720684468,0.0701109134125205,0.0714139316048349,0.0642267230571605,0.0735692784680504,0.0715834352506408,0.0702900127314538,0.0643048149743152,0.0631074093922719,0.0651265653767751,0.0598968633304415,0.0526483219341498,0.0510525042342124,0.0494647471391657
,,,,,,,,,,,,,,,,,,,,,,,,,,,,,,,,,,,,,,,,,,,,,,,,,,,,,,,,,,,,,,,,,,,,,,,,,,,,,,,,,,,,,,,,,,,,,,,,,,,,,
INCOME,,,,,,,,,,,,,,,,,,,,,,,,,,,,,,,,,,,,,,,,,,,,,,,,,,,,,,,,,,,,,,,,,,,,,,,,,,,,,,,,,,,,,,,,,,,,,,,,,,,,,
,operatingIncome,1179200000.0,1133600000.0,987300000.0,866100000.0,819200000.0,742000000.0,673000000.0,508600000.0,510600000.0,470700000.0,352700000.0,209900000.0,324900000.0,396399000.0,419634000.0,392759000.0,284458000.0,298178000.0,268198000.0,259608000.0,157912000.0,104638000.0,80490000.0,53603000.0,30900000.0,19400000.0,12400000.0
,operatingIncomeRatio,0.0638527142276973,0.0628646214591513,0.0607924632862289,0.0570121449494783,0.0585900342585772,0.0571265792573545,0.0557372976106671,0.0472299091803949,0.0504136964119982,0.0490189952511872,0.0400740808071627,0.0293050009772987,0.0402542372881356,0.058418771985387,0.0666949042768854,0.0684514587015801,0.0609820829838941,0.069919680231038,0.0677003542809687,0.0675631081403229,0.0616545351683306,0.0603626558922497,0.0630340449625625,0.0577683897423739,0.0491490376968347,0.046939269295911,0.0457733480989295
,totalOtherIncomeExpensesNet,-22000000.0,-24500000.0,1800000.0,-55300000.0,-300000.0,64500000.0,-88000000.0,-63000000.0,-17100000.0,-118200000.0,2200000.0,-239400000.0,-1711800000.0,-1844000.0,-1831000.0,-1867000.0,-2119000.0,-1529000.0,-859000.0,-690000.0,-450000.0,-335000.0,-241000.0,-188000.0,2000000.0,500000.0,100000.0
,incomeBeforeTax,1002300000.0,949700000.0,840500000.0,660300000.0,672400000.0,647000000.0,387700000.0,195500000.0,186100000.0,28300000.0,-37000000.0,-461200000.0,-1777200000.0,414351000.0,432958000.0,399860000.0,289564000.0,306197000.0,279976000.0,268657000.0,162393000.0,109011000.0,84508000.0,56884000.0,33000000.0,19900000.0,12100000.0
,incomeBeforeTaxRatio,0.0542737241099228,0.0526663117499612,0.0517533327175887,0.0434650956126781,0.0480907458929044,0.0498125293524371,0.0321089900202907,0.0181546347714652,0.0183744396832606,0.00294717987169874,-0.00420397218561105,-0.0643900259682238,-0.22019030627416,0.0610644239539381,0.0688125661073977,0.0696890466581639,0.0620767068500387,0.0718000534167617,0.0706734367525801,0.0699181147871203,0.0634040790414327,0.0628853139535353,0.0661806568728567,0.0613043501689308,0.0524892635597264,0.0481490442777643,0.0446659283868586
,incomeTaxExpense,213800000.0,212900000.0,197500000.0,137300000.0,248000000.0,243900000.0,142800000.0,62700000.0,67100000.0,11200000.0,-7800000.0,-87800000.0,-12100000.0,148271000.0,160866000.0,158415000.0,114378000.0,120948000.0,111290000.0,106388000.0,64308000.0,43170000.0,33507000.0,22484000.0,12900000.0,7800000.0,-500000.0
,netIncome,788500000.0,736800000.0,643000000.0,523000000.0,424400000.0,403100000.0,244900000.0,132800000.0,119000000.0,17100000.0,-29200000.0,-373400000.0,-1765100000.0,266080000.0,272092000.0,241445000.0,175186000.0,185249000.0,168686000.0,162269000.0,98085000.0,65841000.0,51001000.0,34400000.0,20100000.0,12100000.0,12600000.0
,netIncomeRatio,0.0426966292134831,0.0408597857190391,0.0395923770819864,0.0344271467597011,0.0303535284904055,0.0310346685965493,0.0202824133504493,0.0123321508831232,0.0117493730376572,0.0017808047988003,-0.00331772940053629,-0.0521319074079245,-0.218691148775895,0.0392131838119465,0.0432451848384695,0.0420799076436263,0.0375563604806912,0.0434389889365398,0.0425808617597427,0.0422305860945042,0.0382959184988203,0.0379817812515684,0.0399403569031638,0.0370731602174815,0.0319707332591061,0.0292765545608517,0.0465116279069767
,,,,,,,,,,,,,,,,,,,,,,,,,,,,,,,,,,,,,,,,,,,,,,,,,,,,,,,,,,,,,,,,,,,,,,,,,,,,,,,,,,,,,,,,,,,,,,,,,,,,,
EPS,,,,,,,,,,,,,,,,,,,,,,,,,,,,,,,,,,,,,,,,,,,,,,,,,,,,,,,,,,,,,,,,,,,,,,,,,,,,,,,,,,,,,,,,,,,,,,,,,,,,,
,EPS,5.434183321847,5.08,4.26,3.37,2.59,2.37,1.44,0.85,1.03,0.117769,-0.201101928374656,-2.57162534435262,-12.1563360881543,3.37,3.35,2.9,2.1,2.18,1.97,1.87,2.27,3.06,2.37,1.57906816616938,0.24,0.16,0.15
,EPSDiluted,5.434183321847,4.99,4.19,3.31,2.56,2.35,1.42,0.84,1.0,0.117043,-0.199863107460643,-2.55578370978782,-12.0814510609172,3.3,3.26,2.79,2.03,2.1,1.89,1.79,2.22,3.03,2.35,0.406413502795635,0.24,0.16,0.15
,weightedAverageShsOut,145100000.0,145100000.0,150900000.0,155400000.0,163600000.0,170300000.0,170600000.0,156600000.0,164400000.0,145200000.0,145200000.0,145200000.0,145200000.0,78874000.0,81128000.0,83391000.0,83329000.0,84862000.0,85803000.0,87003000.0,43135000.0,21531000.0,21525000.0,21785000.0,83750000.0,75625000.0,84000000.0
,weightedAverageShsOutDil,145100000.0,147800000.0,153600000.0,158200000.0,166000000.0,171800000.0,172800000.0,158700000.0,168100000.0,146100000.0,146100000.0,146100000.0,146100000.0,80651000.0,83566000.0,86552000.0,86175000.0,88296000.0,89136000.0,90860000.0,44152000.0,21752000.0,21704000.0,84642857.0,83750000.0,75625000.0,84000000.0
