Date,2019-03-31,2018-03-31,2017-03-31,2016-03-31,2015-03-31,2014-03-31,2013-03-31,2012-03-31,2011-03-31,2010-03-31
Revenue,2742102.0,6859767.0,5302024.0,968146.0,3000886.0,5219752.0,8247084.0,5258461.0,3022085.0,1777736.0
Revenue Growth,-0.6003,0.2938,4.4765,-0.6774,-0.4251,-0.3671,0.5683,0.74,0.7,-0.4744
Cost of Revenue,3003901.0,5175038.0,3517345.0,863635.0,1743282.0,2611401.0,4192223.0,4605979.0,1903285.0,1177765.0
Gross Profit,-261799.0,1684729.0,1784679.0,104511.0,1257604.0,2608351.0,4054861.0,652482.0,1118800.0,599971.0
R&D Expenses,0.0,0.0,0.0,0.0,0.0,0.0,0.0,0.0,0.0,0.0
SG&A Expense,5152766.0,7173829.0,4044148.0,2500814.0,3312689.0,3958314.0,6098773.0,5630016.0,4064001.0,1690170.0
Operating Expenses,-18871925.0,20351434.0,85884999.0,24772154.0,4859922.0,6148035.0,9684447.0,7638251.0,5355582.0,2477510.0
Operating Income,18610126.0,-18666705.0,-84100320.0,-24667643.0,-3602318.0,-3539684.0,-5629586.0,-6985769.0,-4236782.0,-1877539.0
Interest Expense,2438097.0,6018829.0,3165151.0,696506.0,1365672.0,1169440.0,1367844.0,633182.0,262144.0,301787.0
Earnings before Tax,16646153.0,-24771588.0,-89138239.0,-25449755.0,-5114774.0,-4687614.0,-6756318.0,-7601482.0,-4520282.0,-2320717.0
Income Tax Expense,3000.0,0.0,-15000.0,0.0,13500.0,0.0,39161.0,0.0,0.0,0.0
Net Income - Non-Controlling int,0.0,0.0,0.0,0.0,0.0,0.0,0.0,0.0,0.0,0.0
Net Income - Discontinued ops,0.0,0.0,0.0,0.0,0.0,0.0,0.0,0.0,0.0,0.0
Net Income,16643153.0,-24771588.0,-89123239.0,-25449755.0,-5128274.0,-4687614.0,-6795479.0,-7601482.0,-4520282.0,-2320717.0
Preferred Dividends,0.0,0.0,0.0,0.0,0.0,0.0,0.0,0.0,0.0,0.0
Net Income Com,16643153.0,-24771588.0,-89123239.0,-25449755.0,-5128274.0,-4687614.0,-6795479.0,-7601482.0,-4520282.0,-2320717.0
EPS,2775.0,-359825.0,-5419062.5,-13734375.0,-2953125.0,-3125000.0,-5273437.5,-8007812.5,-6054687.5,-4101562.5
EPS Diluted,262.5,-359825.0,-5419062.5,-13734375.0,-2953125.0,-3125000.0,-5273437.5,-8007812.5,-6054687.5,-4101562.5
Weighted Average Shs Out,10091.0,119.0,30.0,2.0,2.0,2.0,1.0,1.0,1.0,1.0
Weighted Average Shs Out (Dil),3951.0,74.0,16.0,2.0,2.0,1.0,1.0,1.0,1.0,1.0
Dividend per Share,0.0,0.0,0.0,0.0,0.0,0.0,0.0,0.0,0.0,0.0
Gross Margin,-0.0955,0.2456,0.3366,0.1079,0.4191,0.4997,0.4917,0.1241,0.3702,0.3375
EBITDA Margin,7.134,-2.518,-15.706,-24.659,-0.734,-0.255,-0.219,-0.943,-0.982,-0.693
EBIT Margin,6.9597,-2.7337,-16.2151,-25.5677,-1.2493,-0.674,-0.6534,-1.3252,-1.409,-1.1357
Profit Margin,6.069,-3.611,-16.809,-26.287,-1.709,-0.898,-0.824,-1.446,-1.496,-1.305
Free Cash Flow margin,-2.8698,-0.8715,-1.9205,-2.0074,-0.7387,-1.7422,-0.8432,-1.3782,-1.5282,0.4808
EBITDA,19563020.0,-17272224.0,-83274350.0,-23873399.0,-2201869.0,-1328453.0,-1802800.0,-4960065.0,-2966557.0,-1231590.0
EBIT,19084250.0,-18752759.0,-85973088.0,-24753249.0,-3749102.0,-3518174.0,-5388474.0,-6968300.0,-4258138.0,-2018930.0
Consolidated Income,16643153.0,-24771588.0,-89123239.0,-25449755.0,-5128274.0,-4687614.0,-6795479.0,-7601482.0,-4520282.0,-2320717.0
Earnings Before Tax Margin,6.0706,-3.6111,-16.8121,-26.2871,-1.7044,-0.8981,-0.8192,-1.4456,-1.4957,-1.3054
Net Profit Margin,6.0695,-3.6111,-16.8093,-26.2871,-1.7089,-0.8981,-0.824,-1.4456,-1.4957,-1.3054
