Date,2018-12-31,2017-12-31,2016-12-31,2015-12-31,2014-12-31,2013-12-31,2012-09-30,2011-09-30,2010-09-30,2009-09-30
Revenue,3654100000.0,3880900000.0,2520500000.0,2632800000.0,3931300000.0,1426700000.0,2006800000.0,2153800000.0,1786000000.0,1570600000.0
Revenue Growth,-0.0584,0.5397,-0.0427,-0.3303,1.7555,-0.2891,-0.0683,0.2059,0.1371,-0.1641
Cost of Revenue,3129400000.0,3374700000.0,1925100000.0,1883500000.0,3165300000.0,1002300000.0,1396200000.0,1476000000.0,1165900000.0,996900000.0
Gross Profit,524700000.0,506200000.0,595400000.0,749300000.0,766000000.0,424400000.0,610600000.0,677800000.0,620100000.0,573700000.0
R&D Expenses,0.0,0.0,0.0,0.0,0.0,0.0,0.0,0.0,0.0,0.0
SG&A Expense,88100000.0,96500000.0,88200000.0,116300000.0,100200000.0,93500000.0,300800000.0,323300000.0,310700000.0,280500000.0
Operating Expenses,411200000.0,528600000.0,704100000.0,2834100000.0,639500000.0,364800000.0,476100000.0,523300000.0,484000000.0,401500000.0
Operating Income,113500000.0,-22400000.0,-108700000.0,-2084800000.0,126500000.0,59600000.0,134500000.0,154500000.0,136100000.0,172200000.0
Interest Expense,99200000.0,99400000.0,125100000.0,140100000.0,127100000.0,77900000.0,83600000.0,113500000.0,91500000.0,70500000.0
Earnings before Tax,50900000.0,-192700000.0,-216000000.0,-1668300000.0,57500000.0,7700000.0,556700000.0,18300000.0,62000000.0,58800000.0
Income Tax Expense,100000.0,-800000.0,300000.0,-1400000.0,1100000.0,1000000.0,1800000.0,700000.0,200000.0,1700000.0
Net Income - Non-Controlling int,16200000.0,25300000.0,24200000.0,-636800000.0,-66800000.0,-57300000.0,11000000.0,-28200000.0,-15400000.0,51000000.0
Net Income - Discontinued ops,0.0,0.0,0.0,0.0,0.0,0.0,0.0,0.0,0.0,0.0
Net Income,50800000.0,-191900000.0,-216300000.0,-1666900000.0,56400000.0,6700000.0,554900000.0,17600000.0,61800000.0,57100000.0
Preferred Dividends,60100000.0,62500000.0,28700000.0,6200000.0,0.0,0.0,0.0,0.0,0.0,0.0
Net Income Com,-9300000.0,-254400000.0,-245000000.0,-1673100000.0,55100000.0,6400000.0,554900000.0,17600000.0,61800000.0,57100000.0
EPS,-0.13,-3.64,-3.55,-54.0,3.03,0.59,43.9,1.7,17.3,16.2
EPS Diluted,-0.13,-3.64,-3.55,-54.0,3.03,0.59,42.2,1.5,12.9,12.1
Weighted Average Shs Out,71220170.0,70291071.0,69062914.0,68556482.0,18642458.0,12091807.0,12091807.0,12091807.0,6590454.0,5576959.0
Weighted Average Shs Out (Dil),71205000.0,69839000.0,69017000.0,30983000.0,18201000.0,10914000.0,12497600.0,10573200.0,3572600.0,3519700.0
Dividend per Share,2.4,2.4,3.175,5.51,5.505,18.34,16.47,24.55,16.85,22.55
Gross Margin,0.1436,0.1304,0.2362,0.2846,0.1948,0.2975,0.3043,0.3147,0.3472,0.3653
EBITDA Margin,0.087,0.025,0.055,-0.466,0.12,0.178,0.404,0.15,0.177,0.156
EBIT Margin,0.0411,-0.024,-0.0361,-0.5804,0.047,0.06,0.3191,0.0612,0.0859,0.0823
Profit Margin,-0.003,-0.066,-0.097,-0.635,0.014,0.004,0.277,0.008,0.035,0.036
Free Cash Flow margin,-0.0142,0.0174,0.0974,0.098,-0.0359,-0.1112,-0.0148,-0.0307,0.0455,0.0083
EBITDA,318800000.0,98400000.0,138700000.0,-1228100000.0,469900000.0,253500000.0,809900000.0,323600000.0,315300000.0,245100000.0
EBIT,150100000.0,-93300000.0,-90900000.0,-1528200000.0,184600000.0,85600000.0,640300000.0,131800000.0,153500000.0,129300000.0
Consolidated Income,67000000.0,-166600000.0,-192100000.0,-2303700000.0,-10400000.0,-50600000.0,565900000.0,-10600000.0,46400000.0,108100000.0
Earnings Before Tax Margin,0.0139,-0.0497,-0.0857,-0.6337,0.0146,0.0054,0.2774,0.0085,0.0347,0.0374
Net Profit Margin,0.0139,-0.0494,-0.0858,-0.6331,0.0143,0.0047,0.2765,0.0082,0.0346,0.0364
