Date,2018-12-31,2017-12-31,2016-12-31,2015-12-31,2014-12-31,2013-12-31,2012-12-31,2011-12-31,2010-12-31,2009-12-31
Revenue,703906000.0,642868000.0,583006000.0,496195000.0,680793000.0,633134000.0,705999000.0,864782000.0,737134000.0,681945000.0
Revenue Growth,0.0949,0.1027,0.175,-0.2712,0.0753,-0.1032,-0.1836,0.1732,0.0809,-0.2591
Cost of Revenue,408105000.0,389505000.0,372480000.0,316618000.0,489041000.0,578570000.0,544819000.0,618108000.0,594044000.0,529286000.0
Gross Profit,295801000.0,253363000.0,210526000.0,179577000.0,191752000.0,54564000.0,161180000.0,246674000.0,143090000.0,152659000.0
R&D Expenses,0.0,0.0,0.0,0.0,0.0,0.0,0.0,0.0,0.0,0.0
SG&A Expense,118214000.0,113449000.0,104778000.0,89816000.0,143616000.0,136393000.0,124766000.0,171134000.0,119816000.0,109787000.0
Operating Expenses,118214000.0,113449000.0,104778000.0,91530000.0,153472000.0,234581000.0,639926000.0,239881000.0,119856000.0,190245000.0
Operating Income,177587000.0,139914000.0,105748000.0,88047000.0,38280000.0,-180017000.0,-478746000.0,6793000.0,23234000.0,-37586000.0
Interest Expense,49106000.0,83188000.0,126378000.0,151767000.0,142005000.0,111709000.0,127654000.0,135553000.0,133505000.0,115771000.0
Earnings before Tax,185520000.0,72272000.0,-173652000.0,-116054000.0,-228786000.0,-295644000.0,-550431000.0,-170761000.0,105200000.0,-92420000.0
Income Tax Expense,27828000.0,22504000.0,6639000.0,-1153000.0,-1358000.0,-17993000.0,-14751000.0,3850000.0,5025000.0,4737000.0
Net Income - Non-Controlling int,-79000.0,-341000.0,-306000.0,-671000.0,-4468000.0,-3882000.0,-10713000.0,-4993000.0,-3402000.0,-10650000.0
Net Income - Discontinued ops,-60548000.0,1636000.0,918000.0,29396000.0,80431000.0,5099000.0,10685000.0,0.0,-213697000.0,36824000.0
Net Income,157692000.0,49768000.0,-180291000.0,-114901000.0,-227428000.0,-277651000.0,-535680000.0,-174611000.0,100175000.0,-97157000.0
Preferred Dividends,0.0,0.0,0.0,0.0,0.0,0.0,0.0,0.0,0.0,0.0
Net Income Com,157692000.0,49768000.0,-180291000.0,-114901000.0,-227428000.0,-277651000.0,-535680000.0,-174611000.0,100175000.0,-97157000.0
EPS,0.45,0.15,-1.28,-0.9,-1.66,-2.27,-6.96,-2.71,1.57,-1.79
EPS Diluted,0.42,0.12,-1.28,-0.9,-1.66,-2.27,-6.96,-2.71,1.57,-1.79
Weighted Average Shs Out,252853554.0,144963821.0,142799769.0,135802274.0,135335258.0,134494810.0,77185129.0,64393050.0,64345362.0,61337112.0
Weighted Average Shs Out (Dil),230562000.0,155846000.0,151017000.0,146866000.0,146509000.0,125723000.0,76919000.0,64385000.0,64029000.0,54344000.0
Dividend per Share,0.0,0.0,0.0,0.0,0.0,0.0,0.0,0.0,0.0,0.0
Gross Margin,0.4202,0.3941,0.3611,0.3619,0.2817,0.0862,0.2283,0.2852,0.1941,0.2239
EBITDA Margin,0.839,0.77,0.491,0.711,0.508,0.466,0.048,0.525,0.809,0.44
EBIT Margin,0.3333,0.2418,-0.0811,0.072,-0.1275,-0.2905,-0.5988,-0.0407,0.3238,0.0342
Profit Margin,0.224,0.077,-0.309,-0.232,-0.334,-0.439,-0.759,-0.202,0.136,-0.142
Free Cash Flow margin,0.1226,0.1028,-0.1782,0.1237,-0.1398,-0.1467,-0.0832,-0.004,-0.1295,-0.1169
EBITDA,590502000.0,495059000.0,286289000.0,352948000.0,345657000.0,295321000.0,34225000.0,453601000.0,596343000.0,300017000.0
EBIT,234626000.0,155460000.0,-47274000.0,35713000.0,-86781000.0,-183935000.0,-422777000.0,-35208000.0,238705000.0,23351000.0
Consolidated Income,157613000.0,49427000.0,-180597000.0,-115572000.0,-231896000.0,-281533000.0,-546393000.0,-179604000.0,96773000.0,-107807000.0
Earnings Before Tax Margin,0.2636,0.1124,-0.2979,-0.2339,-0.3361,-0.467,-0.7796,-0.1975,0.1427,-0.1355
Net Profit Margin,0.224,0.0774,-0.3092,-0.2316,-0.3341,-0.4385,-0.7588,-0.2019,0.1359,-0.1425
