Date,2018-12-31,2017-12-31,2016-12-31,2015-12-31,2014-12-31,2013-12-31,2012-12-31,2011-12-31,2010-12-31,2009-12-31
Revenue,77877000.0,87507000.0,72653000.0,59499000.0,50808000.0,48900000.0,53677000.0,60239000.0,44911000.0,38467000.0
Revenue Growth,-0.110048338990024,0.204451295885924,0.221079345871359,0.171055739253661,0.0390184049079755,-0.0889952866218306,-0.108932751207689,0.34129723230389,0.167520212129878,-0.047
Cost of Revenue,7951000.0,6953000.0,6086000.0,5424000.0,5000000.0,5163000.0,3952000.0,0.0,3712000.0,4117000.0
Gross Profit,69926000.0,80554000.0,66567000.0,54075000.0,45808000.0,43737000.0,49725000.0,0.0,41199000.0,34350000.0
R&D Expenses,47755000.0,40385000.0,30838000.0,28113000.0,25828000.0,21216000.0,20243000.0,21543000.0,17909000.0,16561000.0
SG&A Expense,22515000.0,23060000.0,20107000.0,18352000.0,17869000.0,17762000.0,17115000.0,16576000.0,13416000.0,12819000.0
Operating Expenses,71171000.0,64681000.0,52181000.0,47763000.0,44346000.0,38978000.0,37358000.0,38119000.0,31325000.0,29380000.0
Operating Income,-1245000.0,15873000.0,14386000.0,6312000.0,1462000.0,4759000.0,12367000.0,18562000.0,9874000.0,4970000.0
Interest Expense,0.0,0.0,0.0,0.0,0.0,0.0,0.0,0.0,0.0,0.0
Earnings before Tax,1303000.0,18899000.0,16425000.0,7381000.0,-2379000.0,-4315000.0,-1651000.0,0.0,11969000.0,10730000.0
Income Tax Expense,729000.0,1871000.0,3325000.0,1114000.0,2852000.0,788000.0,2062000.0,0.0,591000.0,2384000.0
Net Income - Non-Controlling int,0.0,0.0,0.0,0.0,0.0,0.0,0.0,0.0,0.0,0.0
Net Income - Discontinued ops,0.0,0.0,0.0,0.0,0.0,0.0,0.0,0.0,0.0,0.0
Net Income,574000.0,17028000.0,13100000.0,6267000.0,-819000.0,6685000.0,13685000.0,18562000.0,11378000.0,8346000.0
Preferred Dividends,0.0,0.0,0.0,0.0,0.0,0.0,0.0,0.0,0.0,0.0
Net Income Com,574000.0,17028000.0,13100000.0,6267000.0,-819000.0,6685000.0,13685000.0,18562000.0,11378000.0,8346000.0
EPS,0.03,0.78,0.63,0.31,-0.04,0.3,0.6,0.0,0.54,0.42
EPS Diluted,0.03,0.75,0.61,0.3,-0.04,0.3,0.59,0.0,0.51,0.41
Weighted Average Shs Out,22034000.0,21771000.0,20850000.0,20480000.0,20622000.0,22009000.0,22798000.0,23173.0,22004913.0,19938668.0
Weighted Average Shs Out (Dil),22503000.0,22561000.0,21565000.0,20989000.0,20622000.0,22465000.0,23357000.0,24153.0,21251000.0,19717000.0
Dividend per Share,0.0,0.0,0.0,0.0,0.0,0.0,0.0,0.0,0.0,0.0
Gross Margin,0.897903103612,0.920543499377,0.916231951881,0.908838804014,0.90159030074,0.894417177914,0.9263744248,0.0,0.9173,0.893
EBITDA Margin,0.047318206916,0.218531088941,0.234278006414,0.145683120725,0.0563493937963,0.111022494888,0.240177357155,0.350869038331,0.278,0.292
EBIT Margin,-0.0159867483339,0.181391202989,0.198009717424,0.106085816568,0.0287749960636,0.0973210633947,0.230396631704,0.308139245339,0.2665,0.2789
Profit Margin,0.00737059722383,0.194590147074,0.18030914071,0.105329501336,-0.0161195087388,0.136707566462,0.254950910073,0.308139245339,0.253,0.217
Free Cash Flow margin,0.0679661517521,0.23236998183,0.166159690584,0.289013260727,0.151413163281,0.262024539877,0.334258621011,0.44305184349,0.346,0.1467
EBITDA,3685000.0,19123000.0,17021000.0,8668000.0,2863000.0,5429000.0,12892000.0,21136000.0,12497000.0,11218000.0
EBIT,-1245000.0,15873000.0,14386000.0,6312000.0,1462000.0,4759000.0,12367000.0,18562000.0,11969000.0,10730000.0
Consolidated Income,574000.0,17028000.0,13100000.0,6267000.0,-819000.0,6685000.0,13685000.0,18562000.0,11378000.0,8346000.0
Earnings Before Tax Margin,0.0167315125133,0.215971293725,0.226074628715,0.124052505084,-0.0468233349079,-0.0882413087935,-0.0307580527973,0.0,0.2665,0.2789
Net Profit Margin,0.00737059722383,0.194590147074,0.18030914071,0.105329501336,-0.0161195087388,0.136707566462,0.254950910073,0.308139245339,0.2533,0.217
