Date,2018-12-31,2017-12-31,2016-12-31,2015-12-31,2014-12-31,2013-12-31,2012-12-31,2011-12-31,2010-12-31,2009-12-31
Revenue,56749000.0,1100000.0,900000.0,9242000.0,9460000.0,12210000.0,0.0,0.0,23851000.0,23170000.0
Revenue Growth,50.59,0.222222222222222,-0.902618480848301,-0.0230443974630021,-0.225225225225225,0.0,0.0,-1,0.0293914544669832,-0.5035
Cost of Revenue,42799000.0,-1446000.0,-2017000.0,0.0,0.0,0.0,0.0,0.0,23197000.0,20211000.0
Gross Profit,-431000.0,2546000.0,2917000.0,9242000.0,9460000.0,12210000.0,0.0,0.0,654000.0,2959000.0
R&D Expenses,0.0,0.0,0.0,0.0,0.0,0.0,0.0,0.0,0.0,0.0
SG&A Expense,2267000.0,6787000.0,7192000.0,9486000.0,9715000.0,8710000.0,8658000.0,7443000.0,5606000.0,7534000.0
Operating Expenses,2267000.0,6787000.0,7192000.0,9486000.0,9715000.0,8710000.0,8658000.0,7443000.0,8341000.0,25772000.0
Operating Income,-5101000.0,-4806000.0,-6864000.0,-3556000.0,-2976000.0,2744000.0,-12025000.0,-8321000.0,-7687000.0,-22813000.0
Interest Expense,171000.0,41000.0,881000.0,534000.0,0.0,0.0,0.0,0.0,0.0,0.0
Earnings before Tax,-4966000.0,-4740000.0,-6707000.0,-2695000.0,-2746000.0,3011000.0,-9523000.0,1631000.0,-7687000.0,-25823000.0
Income Tax Expense,-920000.0,38000.0,55000.0,-732000.0,368000.0,346000.0,2484000.0,33000.0,11000.0,929000.0
Net Income - Non-Controlling int,0.0,0.0,0.0,0.0,0.0,0.0,0.0,0.0,0.0,0.0
Net Income - Discontinued ops,0.0,0.0,0.0,0.0,0.0,0.0,0.0,0.0,0.0,10236000.0
Net Income,-4516000.0,-5025000.0,-8993000.0,-4567000.0,-6839000.0,-2030000.0,-5665000.0,1107000.0,-7698000.0,-26752000.0
Preferred Dividends,0.0,78000.0,348000.0,0.0,0.0,0.0,0.0,0.0,0.0,0.0
Net Income Com,-4516000.0,-5025000.0,-8993000.0,-4567000.0,-6839000.0,-2030000.0,-5665000.0,1107000.0,-7698000.0,-26752000.0
EPS,-1.22,-1.21,-2.81,-1.43,-0.32,-0.1,-0.28,0.05,-2.94,-10.57
EPS Diluted,-1.22,-1.21,-2.81,-1.43,-0.32,-0.1,-0.28,0.05,-2.94,-10.57
Weighted Average Shs Out,3705000.0,3370000.0,3321000.0,3198000.0,21084000.0,20681000.0,19970.0,20287000.0,2808491.0,2620274.0
Weighted Average Shs Out (Dil),3705000.0,3370000.0,3321000.0,3198000.0,21084000.0,20681000.0,19970.0,20720000.0,2616140.0,2524283.0
Dividend per Share,0.0,0.0,0.0,0.0,0.0,0.0,0.0,0.0,0.0,0.0
Gross Margin,-0.0075948474863,2.31454545455,3.24111111111,0.0,0.0,0.0,0.0,0.0,0.0274,0.1277
EBITDA Margin,-0.0813230189078,-3.2,-6.26333333333,0.0,0.0,0.0,0.0,0.0,-0.318,-1.085
EBIT Margin,-0.0898870464678,-4.36909090909,-7.62666666667,0.0,0.0,0.0,0.0,0.0,-0.3223,-1.1145
Profit Margin,-0.0795784947752,-4.56818181818,-9.99222222222,0.0,0.0,0.0,0.0,0.0,-0.323,-1.155
Free Cash Flow margin,0.284974184567,4.55454545455,-13.1755555556,0.259359446007,-0.578858350951,-0.362817362817,0.0,0.0,0.6452,0.5149
EBITDA,-4615000.0,-3520000.0,-5637000.0,-3109000.0,-2572000.0,3296000.0,-10620000.0,-5749000.0,-7589000.0,-25138000.0
EBIT,-5101000.0,-4806000.0,-6864000.0,-3556000.0,-2976000.0,2744000.0,-12025000.0,-8321000.0,-7687000.0,-25823000.0
Consolidated Income,-4516000.0,-5025000.0,-8993000.0,-4567000.0,-6839000.0,-2030000.0,-5665000.0,1107000.0,-7698000.0,-26752000.0
Earnings Before Tax Margin,-0.0875081499233,-4.30909090909,-7.45222222222,0.0,0.0,0.0,0.0,0.0,-0.3223,-1.1145
Net Profit Margin,-0.0795784947752,-4.56818181818,-9.99222222222,0.0,0.0,0.0,0.0,0.0,-0.3228,-1.1546
