date,,2020-12-31_FY,2019-12-31_FY,2018-12-31_FY,2017-12-31_FY,2016-12-31_FY,2015-12-31_FY,2014-12-31_FY,2013-12-31_FY,2012-12-31_FY,2011-12-31_FY,2010-12-31_FY,2009-12-31_FY,2008-12-31_FY,2007-12-31_FY,2006-12-31_FY,2005-12-31_FY,2004-12-31_FY,2003-12-31_FY,2002-12-31_FY,2001-12-31_FY,2000-12-31_FY,1999-12-31_FY,1998-12-31_FY,1997-12-31_FY,1996-12-31_FY,1995-12-31_FY,1994-12-31_FY,1993-12-31_FY,1992-12-31_FY,1991-12-31_FY,1990-12-31_FY,1989-12-31_FY,1988-12-31_FY,1987-12-31_FY,1986-12-31_FY,1985-12-31_FY
,revenue,4895800000.0,4357700000.0,4145900000.0,3776200000.0,3493100000.0,3394800000.0,3297600000.0,3194300000.0,2921900000.0,2749300000.0,2589220000.0,2520922000.0,2422398000.0,2220940000.0,1945661000.0,1736506000.0,1462062000.0,1056874000.0,1047149000.0,1080864000.0,795725000.0,730000000.0,684400000.0,574900000.0,527800000.0,485800000.0,491000000.0,507700000.0,516400000.0,485500000.0,428500000.0,387600000.0,346800000.0,318800000.0,275400000.0,231400000.0
,costOfRevenue,2681600000.0,2373700000.0,2305100000.0,2046600000.0,1902500000.0,1883000000.0,1844700000.0,1756300000.0,1630500000.0,1534800000.0,1431455000.0,1419932000.0,1450680000.0,1353042000.0,1184524000.0,1099506000.0,928674000.0,738883000.0,735928000.0,680211000.0,426867000.0,385000000.0,362100000.0,316500000.0,292400000.0,276600000.0,276500000.0,262200000.0,267000000.0,272500000.0,253200000.0,251700000.0,228300000.0,207400000.0,177100000.0,145700000.0
,grossProfit,2214200000.0,1984000000.0,1840800000.0,1729600000.0,1590600000.0,1511800000.0,1452900000.0,1438000000.0,1291400000.0,1214500000.0,1157765000.0,1100990000.0,971718000.0,867898000.0,761137000.0,637000000.0,533388000.0,317991000.0,311221000.0,400653000.0,368858000.0,345000000.0,322300000.0,258400000.0,235400000.0,209200000.0,214500000.0,245500000.0,249400000.0,213000000.0,175300000.0,135900000.0,118500000.0,111400000.0,98300000.0,85700000.0
,grossProfitRatio,0.452265206912047,0.455286045390917,0.444004920523891,0.458026587574811,0.455354842403596,0.445328148933663,0.440593158660844,0.450176877563159,0.44197268900373,0.441748808787691,0.447148175898533,0.436741001903272,0.401138871481895,0.390779579817555,0.391197130435364,0.366828562642456,0.364819002203737,0.300878818099414,0.297207942709204,0.370678457234213,0.463549593138333,0.472602739726027,0.470923436586791,0.449469472951818,0.44600227358848,0.430629888843145,0.436863543788187,0.483553279495765,0.48295894655306,0.438722966014418,0.409101516919487,0.35061919504644,0.341695501730104,0.349435382685069,0.356935366739288,0.370354364736387
,,,,,,,,,,,,,,,,,,,,,,,,,,,,,,,,,,,,,,,,,,,,,,,,,,,,,,,,,,,,,,,,,,,,,,,,,,,,,,,,,,,,,,,,,,,,,,,,,,,,,
COST And EXPENSES,,,,,,,,,,,,,,,,,,,,,,,,,,,,,,,,,,,,,,,,,,,,,,,,,,,,,,,,,,,,,,,,,,,,,,,,,,,,,,,,,,,,,,,,,,,,,,,,,,,,,
,ResearchAndDevelopmentExpenses,0.0,0.0,0.0,0.0,0.0,0.0,0.0,0.0,0.0,0.0,0.0,0.0,0.0,0.0,0.0,0.0,0.0,0.0,0.0,0.0,0.0,0.0,0.0,0.0,0.0,0.0,0.0,0.0,0.0,0.0,0.0,0.0,0.0,0.0,0.0,0.0
,GeneralAndAdministrativeExpenses,593300000.0,628800000.0,565900000.0,542700000.0,439200000.0,420100000.0,394800000.0,416000000.0,389000000.0,367800000.0,374834000.0,354510000.0,337256000.0,562864000.0,509035000.0,424224000.0,200452000.0,117333000.0,120512000.0,111832000.0,271332000.0,263200000.0,264000000.0,213700000.0,194500000.0,187700000.0,201400000.0,199200000.0,193100000.0,161500000.0,130900000.0,95700000.0,81700000.0,78900000.0,73700000.0,58600000.0
,SellingAndMarketingExpenses,591200000.0,515000000.0,483200000.0,454200000.0,427200000.0,417500000.0,416900000.0,399800000.0,357300000.0,354100000.0,337978000.0,353588000.0,294130000.0,0.0,0.0,0.0,161183000.0,88807000.0,86195000.0,195960000.0,0.0,0.0,0.0,0.0,0.0,0.0,0.0,0.0,0.0,0.0,0.0,0.0,0.0,0.0,0.0,0.0
,otherExpenses,-2100000.0,-1100000.0,-3900000.0,-300000.0,-1500000.0,-4000000.0,-2800000.0,-2100000.0,800000.0,0.0,0.0,0.0,0.0,0.0,0.0,0.0,0.0,0.0,0.0,0.0,0.0,0.0,0.0,0.0,0.0,0.0,0.0,0.0,0.0,0.0,0.0,0.0,0.0,0.0,0.0,0.0
,operatingExpenses,1184500000.0,1143800000.0,1049100000.0,996900000.0,866400000.0,837600000.0,811700000.0,815800000.0,746300000.0,721900000.0,712812000.0,688098000.0,631386000.0,562864000.0,509035000.0,424224000.0,361635000.0,206140000.0,206707000.0,307132000.0,294786000.0,282500000.0,280500000.0,227900000.0,208100000.0,200800000.0,213100000.0,209800000.0,204600000.0,172700000.0,141400000.0,105800000.0,91400000.0,88200000.0,80000000.0,64200000.0
,costAndExpenses,3866100000.0,3517500000.0,3354200000.0,3043500000.0,2768900000.0,2720600000.0,2656400000.0,2572100000.0,2376800000.0,2256700000.0,2144267000.0,2108030000.0,2082066000.0,1915906000.0,1693559000.0,1523730000.0,1290309000.0,945023000.0,942635000.0,987343000.0,721653000.0,667500000.0,642600000.0,544400000.0,500500000.0,477400000.0,489600000.0,472000000.0,471600000.0,445200000.0,394600000.0,357500000.0,319700000.0,295600000.0,257100000.0,209900000.0
,interestExpense,61000000.0,73600000.0,79400000.0,52600000.0,27700000.0,30500000.0,27400000.0,27700000.0,14000000.0,8700000.0,27777000.0,35568000.0,46945000.0,0.0,0.0,0.0,0.0,0.0,0.0,0.0,0.0,0.0,0.0,0.0,0.0,0.0,0.0,0.0,0.0,0.0,0.0,0.0,0.0,0.0,0.0,0.0
,,,,,,,,,,,,,,,,,,,,,,,,,,,,,,,,,,,,,,,,,,,,,,,,,,,,,,,,,,,,,,,,,,,,,,,,,,,,,,,,,,,,,,,,,,,,,,,,,,,,,
EBITDA,,,,,,,,,,,,,,,,,,,,,,,,,,,,,,,,,,,,,,,,,,,,,,,,,,,,,,,,,,,,,,,,,,,,,,,,,,,,,,,,,,,,,,,,,,,,,,,,,,,,,
,depreciationAndAmortization,189700000.0,176400000.0,141100000.0,125400000.0,107600000.0,101000000.0,91200000.0,90500000.0,85000000.0,77100000.0,71572000.0,85352000.0,71404000.0,56671000.0,51727000.0,44158000.0,39093000.0,30224000.0,27890000.0,27843000.0,23454000.0,19300000.0,16500000.0,14200000.0,13600000.0,13100000.0,11700000.0,10600000.0,11500000.0,11200000.0,10500000.0,10100000.0,9700000.0,9300000.0,6300000.0,5600000.0
,EBITDA,1219400000.0,1016600000.0,932800000.0,858100000.0,831800000.0,775200000.0,732400000.0,712700000.0,630100000.0,569700000.0,516525000.0,498244000.0,411736000.0,361705000.0,303829000.0,256934000.0,210846000.0,142075000.0,132404000.0,121364000.0,97526000.0,81800000.0,58300000.0,44700000.0,40900000.0,21500000.0,13100000.0,46300000.0,56300000.0,51500000.0,44400000.0,40200000.0,36800000.0,32500000.0,24600000.0,27100000.0
,EBITDARatio,0.24907063197026,0.23328820249214,0.224993366940833,0.227239023356814,0.238126592425067,0.228349240014139,0.222100921882581,0.223116175687944,0.215647352749923,0.207216382351871,0.199490580174724,0.197643560570299,0.169970417743079,0.162861220924473,0.156157213409736,0.147960329535285,0.144211394592021,0.134429458951587,0.126442368755545,0.112284246676733,0.122562443055076,0.112054794520548,0.0851841028638223,0.0777526526352409,0.0774914740431982,0.0442568958419103,0.0266802443991853,0.0911955879456372,0.109024012393493,0.106076210092688,0.103617269544924,0.103715170278638,0.106113033448674,0.101944792973651,0.0893246187363834,0.117113223854797
,,,,,,,,,,,,,,,,,,,,,,,,,,,,,,,,,,,,,,,,,,,,,,,,,,,,,,,,,,,,,,,,,,,,,,,,,,,,,,,,,,,,,,,,,,,,,,,,,,,,,
INCOME,,,,,,,,,,,,,,,,,,,,,,,,,,,,,,,,,,,,,,,,,,,,,,,,,,,,,,,,,,,,,,,,,,,,,,,,,,,,,,,,,,,,,,,,,,,,,,,,,,,,,
,operatingIncome,1029700000.0,840200000.0,791700000.0,732700000.0,724200000.0,674200000.0,641200000.0,622200000.0,545100000.0,492600000.0,444953000.0,412892000.0,340332000.0,305034000.0,252102000.0,212776000.0,171753000.0,111851000.0,104514000.0,93521000.0,74072000.0,62500000.0,41800000.0,30500000.0,27300000.0,8400000.0,1400000.0,35700000.0,44800000.0,40300000.0,33900000.0,30100000.0,27100000.0,23200000.0,18300000.0,21500000.0
,operatingIncomeRatio,0.210323134114956,0.192808132730569,0.190959743360911,0.194031036491711,0.207323008216198,0.198597855543773,0.194444444444444,0.194784459819053,0.186556692563058,0.179172880369549,0.171848278632175,0.163786106829168,0.140493841226751,0.137344547804083,0.12957138987727,0.122531105564853,0.117473130414442,0.105831915630435,0.0998081457366621,0.0865242990792551,0.0930874359860505,0.0856164383561644,0.0610753945061368,0.0530527048182293,0.0517241379310345,0.0172910662824208,0.00285132382892057,0.0703171164073272,0.0867544539116964,0.0830072090628218,0.0791131855309218,0.0776573787409701,0.0781430219146482,0.0727728983688833,0.0664488017429194,0.0929127052722558
,totalOtherIncomeExpensesNet,5100000.0,7100000.0,7200000.0,12600000.0,9400000.0,-8300000.0,11100000.0,3300000.0,11400000.0,8800000.0,483000.0,14912000.0,14873000.0,18789000.0,15020000.0,-37893000.0,-2903000.0,29641000.0,-3279000.0,-3580000.0,-17055000.0,13000000.0,7000000.0,9000000.0,6300000.0,9200000.0,9200000.0,12300000.0,2600000.0,3300000.0,8800000.0,-8800000.0,2400000.0,4800000.0,5000000.0,-12400000.0
,incomeBeforeTax,973800000.0,773700000.0,719500000.0,692700000.0,705900000.0,635400000.0,624900000.0,597800000.0,542500000.0,494600000.0,418256000.0,392236000.0,308252000.0,264925000.0,213098000.0,174883000.0,127443000.0,116965000.0,101092000.0,73855000.0,51874000.0,72200000.0,46200000.0,38700000.0,33100000.0,16300000.0,9700000.0,47800000.0,47100000.0,42000000.0,39000000.0,17000000.0,25000000.0,23300000.0,19700000.0,7100000.0
,incomeBeforeTaxRatio,0.198905184035296,0.177547788971246,0.173544948020936,0.183438377204597,0.202084108671381,0.187168610816543,0.189501455604076,0.187145853551639,0.185666860604401,0.179900338267923,0.16153745143325,0.15559227933272,0.12725076556371,0.119285077489712,0.109524732211829,0.100709700974255,0.0871666181051146,0.110670713822083,0.0965402249345604,0.068329595582793,0.0651908636777781,0.0989041095890411,0.0675043834015196,0.0673160549660811,0.0627131489200455,0.0335529024289831,0.019755600814664,0.0941500886350207,0.0912083656080558,0.0865087538619979,0.0910151691948658,0.043859649122807,0.0720876585928489,0.0730865746549561,0.0715323166303558,0.0306828003457217
,incomeTaxExpense,187900000.0,157800000.0,150900000.0,-50700000.0,246900000.0,225000000.0,211000000.0,203400000.0,192700000.0,185000000.0,147562000.0,148715000.0,113078000.0,95900000.0,74171000.0,52068000.0,38631000.0,35974000.0,34402000.0,26871000.0,18315000.0,26800000.0,15900000.0,14200000.0,11900000.0,6100000.0,3600000.0,18300000.0,17600000.0,15500000.0,15800000.0,8400000.0,8500000.0,9300000.0,6900000.0,2400000.0
,netIncome,785900000.0,615900000.0,568600000.0,743400000.0,459000000.0,410400000.0,413900000.0,394400000.0,349800000.0,309600000.0,270717000.0,243533000.0,195174000.0,169025000.0,138927000.0,122906000.0,88808000.0,80961000.0,66690000.0,46984000.0,33559000.0,45400000.0,30300000.0,24500000.0,21200000.0,10200000.0,6100000.0,26300000.0,29500000.0,26500000.0,23200000.0,8600000.0,16500000.0,14000000.0,12800000.0,4700000.0
,netIncomeRatio,0.16052534825769,0.141336025885215,0.137147543356087,0.196864572851014,0.1314019066159,0.120890774125133,0.125515526443474,0.123469930814263,0.119716622745474,0.112610482668316,0.104555425958397,0.0966047342995936,0.0805705751078064,0.0761051626788657,0.0714034973204479,0.0707777571744641,0.0607416101369162,0.0766042120441983,0.0636872116575578,0.043468928560855,0.0421741179427566,0.0621917808219178,0.0442723553477499,0.0426161071490694,0.0401667298219022,0.0209962947715109,0.0124236252545825,0.0518022454205239,0.0571262587141751,0.0545829042224511,0.0541423570595099,0.02218782249742,0.0475778546712803,0.0439146800501882,0.046477850399419,0.0203111495246327
,,,,,,,,,,,,,,,,,,,,,,,,,,,,,,,,,,,,,,,,,,,,,,,,,,,,,,,,,,,,,,,,,,,,,,,,,,,,,,,,,,,,,,,,,,,,,,,,,,,,,
EPS,,,,,,,,,,,,,,,,,,,,,,,,,,,,,,,,,,,,,,,,,,,,,,,,,,,,,,,,,,,,,,,,,,,,,,,,,,,,,,,,,,,,,,,,,,,,,,,,,,,,,
,EPS,3.18,2.5,2.32,2.97,1.78,1.565,1.53,1.425,1.25,1.08,0.9525,0.865,0.72,0.6425,0.535,0.48,0.36,0.335,0.28,0.201667,0.146667,0.195,0.13,0.105,0.090833,0.043333,0.025833,0.108388,0.121728,0.108388,0.088378,0.035018,0.063365,0.05336,0.050025,0.02001
,EPSDiluted,3.12,2.44,2.27,2.9,1.75,1.535,1.505,1.395,1.225,1.06,0.9375,0.8525,0.695,0.615,0.5175,0.4575,0.34,0.32,0.266667,0.191667,0.14,0.185,0.125833,0.1025,0.090833,0.043333,0.025833,0.10672,0.118393,0.108388,0.088378,0.035018,0.061698,0.05336,0.050025,0.02001
,weightedAverageShsOut,246800000.0,246200000.0,245500000.0,250600000.0,257600000.0,262200000.0,270200000.0,277200000.0,280200000.0,286400000.0,284124000.0,281516000.0,271480000.0,263360000.0,259424000.0,255428000.0,247472000.0,241362000.0,237780000.0,233274000.0,229926000.0,232752000.0,232404000.0,233532000.0,234408000.0,234804000.0,236472000.0,242647907.0,242344581.0,244493138.0,262510254.0,245591490.0,260396118.0,262368816.0,255872064.0,234882559.0
,weightedAverageShsOutDil,252200000.0,252100000.0,250700000.0,256100000.0,262100000.0,267200000.0,275000000.0,282400000.0,285400000.0,291600000.0,288804000.0,285908000.0,284464000.0,281248000.0,275784000.0,277156000.0,272264000.0,253194000.0,250854000.0,244914000.0,239598000.0,246258000.0,240300000.0,239652000.0,234408000.0,234804000.0,236472000.0,246439280.0,249171189.0,244493138.0,262510254.0,245591490.0,267433851.0,262368816.0,255872064.0,234882559.0
