Date,2018-12-31,2017-12-31,2016-12-31,2015-12-31,2014-12-31,2013-12-31,2012-12-31,2011-12-31,2010-12-31,2009-12-31
Revenue,1009000000.0,882600000.0,822400000.0,798600000.0,812200000.0,779028000.0,731296000.0,696854000.0,585345000.0,470503000.0
Revenue Growth,0.1432,0.0732,0.0298,-0.0167,0.0426,0.0653,0.0494,0.1905,0.2441,0.0092
Cost of Revenue,687200000.0,612000000.0,577500000.0,566500000.0,615700000.0,580778000.0,567923000.0,551315000.0,491345000.0,384816000.0
Gross Profit,321800000.0,270600000.0,244900000.0,232100000.0,196500000.0,198250000.0,163373000.0,145539000.0,94000000.0,85687000.0
R&D Expenses,0.0,0.0,0.0,0.0,0.0,0.0,0.0,0.0,0.0,0.0
SG&A Expense,90500000.0,83100000.0,79400000.0,75600000.0,76000000.0,83071000.0,73829000.0,65501000.0,62434000.0,50954000.0
Operating Expenses,133000000.0,124900000.0,72400000.0,105800000.0,106100000.0,108150000.0,66823000.0,64529000.0,62434000.0,50954000.0
Operating Income,188800000.0,145700000.0,172500000.0,126300000.0,90400000.0,90100000.0,96550000.0,81010000.0,31566000.0,34733000.0
Interest Expense,40100000.0,49300000.0,43700000.0,28600000.0,20800000.0,6231000.0,4531000.0,8924000.0,6179000.0,1657000.0
Earnings before Tax,404100000.0,120600000.0,158800000.0,109800000.0,76500000.0,85373000.0,91351000.0,98644000.0,24694000.0,33663000.0
Income Tax Expense,51300000.0,-19900000.0,50700000.0,44600000.0,30100000.0,30473000.0,33075000.0,34289000.0,8341000.0,16835000.0
Net Income - Non-Controlling int,0.0,0.0,0.0,0.0,0.0,0.0,0.0,0.0,0.0,0.0
Net Income - Discontinued ops,-170200000.0,-18100000.0,-11400000.0,5600000.0,0.0,0.0,0.0,0.0,0.0,0.0
Net Income,352800000.0,140500000.0,108100000.0,65200000.0,46400000.0,54900000.0,58276000.0,64355000.0,16353000.0,16828000.0
Preferred Dividends,0.0,0.0,0.0,0.0,0.0,0.0,0.0,0.0,0.0,0.0
Net Income Com,352800000.0,140500000.0,108100000.0,65200000.0,46400000.0,54900000.0,58276000.0,64355000.0,16353000.0,16828000.0
EPS,8.54,2.97,2.17,1.25,0.89,1.04,1.13,1.267,0.353,0.407
EPS Diluted,8.48,2.92,2.14,1.237,0.88,1.02,1.113,1.253,0.35,0.403
Weighted Average Shs Out,40715310.0,46276854.0,49823091.0,52717728.0,51967461.0,53931117.0,52368633.0,51543330.0,49732797.0,41134011.0
Weighted Average Shs Out (Dil),41300000.0,47200000.0,49300000.0,51600000.0,51900000.0,51882000.0,51141000.0,49914000.0,45558000.0,40746000.0
Dividend per Share,0.543,0.507,0.44,0.383,0.0,0.29,0.24,0.2,0.167,0.167
Gross Margin,0.3189,0.3066,0.2978,0.2906,0.2419,0.2545,0.2234,0.2089,0.1606,0.1821
EBITDA Margin,0.503,0.303,0.378,0.311,0.204,0.197,0.207,0.234,0.132,0.139
EBIT Margin,0.4402,0.1925,0.2462,0.1733,0.1198,0.1176,0.1311,0.1544,0.0527,0.0751
Profit Margin,0.35,0.159,0.131,0.082,0.057,0.07,0.08,0.092,0.028,0.036
Free Cash Flow margin,0.048,0.1113,0.2149,0.2767,0.1072,0.1234,0.1406,0.2157,-0.0035,-0.0231
EBITDA,507800000.0,267000000.0,311100000.0,248100000.0,165600000.0,153354000.0,151482000.0,162738000.0,77397000.0,65576000.0
EBIT,444200000.0,169900000.0,202500000.0,138400000.0,97300000.0,91604000.0,95882000.0,107568000.0,30873000.0,35320000.0
Consolidated Income,352800000.0,140500000.0,108100000.0,65200000.0,46400000.0,54900000.0,58276000.0,64355000.0,16353000.0,16828000.0
Earnings Before Tax Margin,0.4005,0.1366,0.1931,0.1375,0.0942,0.1096,0.1249,0.1416,0.0422,0.0715
Net Profit Margin,0.3497,0.1592,0.1314,0.0816,0.0571,0.0705,0.0797,0.0924,0.0279,0.0358
