Date,2018-12-31,2017-12-31,2016-12-31,2015-12-31,2014-12-31,2013-12-31,2012-12-31,2011-12-31,2010-12-31,2009-12-31
Revenue,80401000.0,68456000.0,71041000.0,69518000.0,72343000.0,61953000.0,63202000.0,60419302.0,53049795.0,46414832.0
Revenue Growth,0.1745,-0.0364,0.0219,-0.0391,0.1677,-0.0198,0.0461,0.1389,0.1429,0.0013
Cost of Revenue,0.0,0.0,0.0,0.0,0.0,0.0,0.0,0.0,0.0,0.0
Gross Profit,80401000.0,68456000.0,71041000.0,69518000.0,72343000.0,61953000.0,63202000.0,60419302.0,53049795.0,46414832.0
R&D Expenses,0.0,0.0,0.0,0.0,0.0,0.0,0.0,0.0,0.0,0.0
SG&A Expense,53386000.0,51248000.0,51100000.0,51711000.0,52628000.0,45253000.0,43795000.0,39872220.0,34545982.0,36682749.0
Operating Expenses,56766000.0,53764000.0,56610000.0,55427000.0,60477000.0,49400000.0,46795000.0,44848397.0,37842683.0,39321334.0
Operating Income,23635000.0,14692000.0,14431000.0,14091000.0,11866000.0,12553000.0,16407000.0,15570905.0,15207112.0,7093498.0
Interest Expense,0.0,0.0,0.0,0.0,0.0,0.0,0.0,0.0,0.0,0.0
Earnings before Tax,23635000.0,14692000.0,14431000.0,14091000.0,11866000.0,12553000.0,16407000.0,15570905.0,15207112.0,7093498.0
Income Tax Expense,4009000.0,7262000.0,4404000.0,4658000.0,3709000.0,3822000.0,5385000.0,5033150.0,5105239.0,1860663.0
Net Income - Non-Controlling int,0.0,0.0,0.0,0.0,0.0,0.0,0.0,0.0,0.0,0.0
Net Income - Discontinued ops,0.0,0.0,0.0,0.0,0.0,0.0,0.0,0.0,0.0,0.0
Net Income,19626000.0,7430000.0,10027000.0,9433000.0,8157000.0,8731000.0,11022000.0,10537755.0,10101873.0,5232835.0
Preferred Dividends,0.0,0.0,0.0,0.0,0.0,0.0,0.0,0.0,0.0,0.0
Net Income Com,19626000.0,7430000.0,10027000.0,9433000.0,8157000.0,8731000.0,11022000.0,10537755.0,10101873.0,5232835.0
EPS,4.06,1.55,2.11,2.0,1.74,1.87,2.38,2.4,2.8,1.45
EPS Diluted,4.06,1.55,2.11,2.0,1.74,1.87,2.38,2.4,2.8,1.45
Weighted Average Shs Out,4806864.0,4740401.0,4703034.0,4661226.0,4618839.0,4594315.0,4572875.0,4569710.0,3518925.0,3522831.0
Weighted Average Shs Out (Dil),4832000.0,4800000.0,4762000.0,4719000.0,4683000.0,4660000.0,4641000.0,4382843.0,3606541.0,3603129.0
Dividend per Share,1.04,1.04,1.04,1.04,1.04,1.04,1.0,1.0,1.0,1.25
Gross Margin,1.0,1.0,1.0,1.0,1.0,1.0,1.0,1.0,1.0,1.0
EBITDA Margin,0.346,0.281,0.276,0.277,0.236,0.27,0.323,0.322,0.353,0.233
EBIT Margin,0.294,0.2146,0.2031,0.2027,0.164,0.2026,0.2596,0.2577,0.2867,0.1528
Profit Margin,0.244,0.109,0.141,0.136,0.113,0.141,0.174,0.174,0.19,0.113
Free Cash Flow margin,0.3234,0.324,0.2878,0.1868,0.2192,0.3109,0.3306,0.1095,0.2967,0.1478
EBITDA,27806000.0,19255000.0,19622000.0,19271000.0,17037000.0,16710000.0,20400000.0,19473742.0,18716071.0,10819610.0
EBIT,23635000.0,14692000.0,14431000.0,14091000.0,11866000.0,12553000.0,16407000.0,15570905.0,15207112.0,7093498.0
Consolidated Income,19626000.0,7430000.0,10027000.0,9433000.0,8157000.0,8731000.0,11022000.0,10537755.0,10101873.0,5232835.0
Earnings Before Tax Margin,0.294,0.2146,0.2031,0.2027,0.164,0.2026,0.2596,0.2577,0.2867,0.1528
Net Profit Margin,0.2441,0.1085,0.1411,0.1357,0.1128,0.1409,0.1744,0.1744,0.1904,0.1127
