date,,2020-12-27_FY,2019-12-29_FY,2018-12-30_FY,2017-12-31_FY,2016-12-25_FY,2015-12-27_FY,2014-12-28_FY,2013-12-29_FY,2012-12-30_FY,2011-12-31_FY,2010-12-31_FY,2009-12-31_FY
,revenue,320952000.0,426357000.0,398200000.0,369589000.0,330613000.0,287062000.0,245101000.0,204361000.0,172640000.0,130583000.0,94908000.0,69394000.0
,costOfRevenue,79033000.0,110152000.0,101946000.0,225116000.0,85542000.0,75686000.0,69159000.0,55894000.0,46475000.0,36139000.0,75966000.0,54178000.0
,grossProfit,241919000.0,316205000.0,296254000.0,144473000.0,245071000.0,211376000.0,175942000.0,148467000.0,126165000.0,94444000.0,18942000.0,15216000.0
,grossProfitRatio,0.753754455494903,0.741643739870578,0.743982923154194,0.390901785496863,0.741262442795655,0.736342671617978,0.717834688556962,0.726493802633575,0.730798192771084,0.723248814929968,0.199582753824757,0.219269677493731
,,,,,,,,,,,,,,,,,,,,,,,,,,,,,,,,,,,,,,,,,,,,,,,,,,,,,,,,,,,,,,,,,,,,,,,,,,,,,,,,,,,,,,,,,,,,,,,,,,,,,
COST And EXPENSES,,,,,,,,,,,,,,,,,,,,,,,,,,,,,,,,,,,,,,,,,,,,,,,,,,,,,,,,,,,,,,,,,,,,,,,,,,,,,,,,,,,,,,,,,,,,,,,,,,,,,
,ResearchAndDevelopmentExpenses,0.0,0.0,0.0,0.0,0.0,0.0,0.0,0.0,0.0,0.0,0.0,0.0
,GeneralAndAdministrativeExpenses,19463000.0,209560000.0,199460000.0,44303000.0,155842000.0,133237000.0,114064000.0,8709000.0,8039000.0,79572000.0,7252000.0,6290000.0
,SellingAndMarketingExpenses,2732000.0,5555000.0,3929000.0,2756000.0,2390000.0,2249000.0,1719000.0,1306000.0,1319000.0,964000.0,655000.0,533000.0
,otherExpenses,0.0,0.0,0.0,0.0,0.0,0.0,0.0,0.0,0.0,0.0,0.0,0.0
,operatingExpenses,24927000.0,312769000.0,292986000.0,122314000.0,220730000.0,192627000.0,159990000.0,107165000.0,10905000.0,84984000.0,10639000.0,8372000.0
,costAndExpenses,329496000.0,422921000.0,394932000.0,347430000.0,306272000.0,268313000.0,229149000.0,188987000.0,159344000.0,121123000.0,86605000.0,62550000.0
,interestExpense,-257000.0,122000.0,83000.0,65000.0,63000.0,110000.0,124000.0,109000.0,3923000.0,4362000.0,3584000.0,3114000.0
,,,,,,,,,,,,,,,,,,,,,,,,,,,,,,,,,,,,,,,,,,,,,,,,,,,,,,,,,,,,,,,,,,,,,,,,,,,,,,,,,,,,,,,,,,,,,,,,,,,,,
EBITDA,,,,,,,,,,,,,,,,,,,,,,,,,,,,,,,,,,,,,,,,,,,,,,,,,,,,,,,,,,,,,,,,,,,,,,,,,,,,,,,,,,,,,,,,,,,,,,,,,,,,,
,depreciationAndAmortization,9233000.0,20739000.0,19804000.0,17560000.0,15081000.0,12827000.0,10310000.0,7661000.0,5928000.0,4448000.0,2732000.0,1549000.0
,EBITDA,689000.0,24175000.0,23072000.0,41081000.0,39422000.0,31576000.0,26262000.0,23035000.0,17551000.0,13908000.0,11035000.0,8393000.0
,EBITDARatio,0.00214673845310202,0.0567013089969204,0.0579407332998493,0.111153199905841,0.11923911037981,0.109997143474232,0.107147665656199,0.112717201422972,0.101662418906395,0.106506972576829,0.116270493530577,0.120947055941436
,,,,,,,,,,,,,,,,,,,,,,,,,,,,,,,,,,,,,,,,,,,,,,,,,,,,,,,,,,,,,,,,,,,,,,,,,,,,,,,,,,,,,,,,,,,,,,,,,,,,,
INCOME,,,,,,,,,,,,,,,,,,,,,,,,,,,,,,,,,,,,,,,,,,,,,,,,,,,,,,,,,,,,,,,,,,,,,,,,,,,,,,,,,,,,,,,,,,,,,,,,,,,,,
,operatingIncome,-8544000.0,3436000.0,3268000.0,22159000.0,24341000.0,18749000.0,15952000.0,15374000.0,13296000.0,9460000.0,8303000.0,6844000.0
,operatingIncomeRatio,-0.0266208031107455,0.00805897405226137,0.0082069311903566,0.0599557887274784,0.0736238441924546,0.0653134166138326,0.0650833737928446,0.0752296181756793,0.0770157553290083,0.0724443457417887,0.0874847220466136,0.098625241375335
,totalOtherIncomeExpensesNet,257000.0,122000.0,83000.0,-1297000.0,63000.0,110000.0,124000.0,109000.0,5596000.0,4362000.0,3584000.0,3114000.0
,incomeBeforeTax,-8801000.0,3314000.0,3185000.0,23456000.0,24278000.0,18639000.0,15828000.0,15265000.0,7700000.0,5098000.0,4719000.0,3730000.0
,incomeBeforeTaxRatio,-0.0274215459009447,0.00777282887345581,0.00799849321948769,0.0634650923052364,0.0734332890721175,0.0649302241327657,0.0645774599042844,0.0746962483056943,0.0446014828544949,0.039040303868038,0.0497218358831711,0.0537510447589129
,incomeTaxExpense,0.0,-2901000.0,-2354000.0,-5500000.0,7034000.0,5743000.0,4337000.0,4196000.0,2243000.0,1634000.0,1428000.0,1077000.0
,netIncome,-8801000.0,6215000.0,5539000.0,28956000.0,17244000.0,12896000.0,11491000.0,11069000.0,5457000.0,3464000.0,3291000.0,2653000.0
,netIncomeRatio,-0.0274215459009447,0.0145769859530863,0.0139100954294324,0.0783464875848578,0.0521576586522611,0.0449240930530687,0.046882713656819,0.0541639549620524,0.0316091288229842,0.0265271896035472,0.0346756859274245,0.0382309709773179
,,,,,,,,,,,,,,,,,,,,,,,,,,,,,,,,,,,,,,,,,,,,,,,,,,,,,,,,,,,,,,,,,,,,,,,,,,,,,,,,,,,,,,,,,,,,,,,,,,,,,
EPS,,,,,,,,,,,,,,,,,,,,,,,,,,,,,,,,,,,,,,,,,,,,,,,,,,,,,,,,,,,,,,,,,,,,,,,,,,,,,,,,,,,,,,,,,,,,,,,,,,,,,
,EPS,-0.50067896869576,0.371511549884616,0.327139998496302,1.71,1.03405639924939,0.782986176675342,0.699487914704233,0.680039361064039,0.801371480397605,0.32,16.321652,13.157503
,EPSDiluted,-0.50067896869576,0.369404070696153,0.32463294762438,1.7,1.02108719139558,0.770398581501222,0.687693823460958,0.663713086468522,0.423243408005249,0.3,0.322023,0.259595
,weightedAverageShsOut,17578130.0,16728955.0,16931589.0,16894986.0,16676073.0,16470278.0,16427732.0,16276999.0,6809576.0,10848418.0,201634.0,201634.0
,weightedAverageShsOutDil,17578130.0,16824395.0,17062347.0,17003233.0,16887882.0,16739387.0,16709471.0,16677387.0,12893290.0,11460331.0,10219778.0,10219778.0
