Date,2018-12-31,2017-12-31,2016-12-31,2015-12-31,2014-12-31,2013-12-31,2012-12-31,2011-12-31,2010-12-31,2009-12-31
Revenue,244006000.0,252627000.0,245406000.0,236268000.0,230225000.0,213636000.0,202759000.0,194156000.0,190324000.0,188980000.0
Revenue Growth,-0.0341,0.0294,0.0387,0.0262,0.0777,0.0536,0.0443,0.0201,0.0071,0.2884
Cost of Revenue,145412000.0,165202000.0,164080000.0,166686000.0,160369000.0,148117000.0,140423000.0,126392000.0,114943000.0,107458000.0
Gross Profit,98594000.0,87425000.0,81326000.0,69582000.0,69856000.0,65519000.0,62336000.0,67764000.0,75381000.0,81522000.0
R&D Expenses,0.0,0.0,0.0,0.0,0.0,0.0,0.0,0.0,0.0,0.0
SG&A Expense,94134000.0,88282000.0,73780000.0,69208000.0,69624000.0,56180000.0,53833000.0,53436000.0,53934000.0,57485000.0
Operating Expenses,96592000.0,90411000.0,75843000.0,71525000.0,71806000.0,58588000.0,56300000.0,56434000.0,56992000.0,60916000.0
Operating Income,2002000.0,-2986000.0,5483000.0,-1943000.0,-1950000.0,6931000.0,6036000.0,11330000.0,18389000.0,20606000.0
Interest Expense,0.0,0.0,0.0,0.0,0.0,0.0,0.0,0.0,0.0,0.0
Earnings before Tax,2002000.0,-2986000.0,5483000.0,-1943000.0,-1950000.0,6931000.0,6036000.0,11330000.0,18389000.0,18101000.0
Income Tax Expense,13064000.0,35141000.0,3514000.0,1200000.0,4020000.0,2138000.0,1507000.0,2848000.0,3685000.0,3266000.0
Net Income - Non-Controlling int,0.0,0.0,0.0,0.0,0.0,0.0,0.0,0.0,0.0,2505000.0
Net Income - Discontinued ops,0.0,0.0,0.0,0.0,0.0,0.0,0.0,0.0,0.0,0.0
Net Income,-11062000.0,-38127000.0,1969000.0,-3143000.0,-5970000.0,4793000.0,4529000.0,8482000.0,14704000.0,14835000.0
Preferred Dividends,0.0,0.0,0.0,0.0,0.0,0.0,0.0,0.0,0.0,0.0
Net Income Com,-11062000.0,-38127000.0,1969000.0,-3143000.0,-5970000.0,4793000.0,4529000.0,8482000.0,14704000.0,14835000.0
EPS,-0.22,-0.77,0.04,-0.06,-0.12,0.1,0.09,0.17,0.3,0.31
EPS Diluted,-0.22,-0.77,0.04,-0.06,-0.12,0.1,0.09,0.17,0.3,0.31
Weighted Average Shs Out,50081828.0,50081828.0,50081828.0,50081828.0,50081828.0,50081828.0,50081828.0,49948260.0,49688473.0,49688807.0
Weighted Average Shs Out (Dil),50081828.0,50081828.0,50081828.0,50081828.0,50081828.0,50081828.0,50081828.0,49948260.0,49688473.0,49688807.0
Dividend per Share,0.0,0.0,0.0,0.0,0.0,0.0,0.0,0.0,0.0,0.0
Gross Margin,0.4041,0.3461,0.3314,0.2945,0.3034,0.3067,0.3074,0.349,0.3961,0.4314
EBITDA Margin,0.024,0.001,0.034,0.005,0.006,0.05,0.048,0.079,0.118,0.12
EBIT Margin,0.0082,-0.0118,0.0223,-0.0082,-0.0085,0.0324,0.0298,0.0584,0.0966,0.0958
Profit Margin,-0.045,-0.151,0.008,-0.013,-0.026,0.022,0.022,0.044,0.077,0.079
Free Cash Flow margin,0.3442,0.3631,0.408,0.3664,0.4233,0.3792,0.3386,0.3218,0.3075,0.2742
EBITDA,5911000.0,208000.0,8352000.0,1153000.0,1348000.0,10596000.0,9736000.0,15385000.0,22495000.0,22703000.0
EBIT,2002000.0,-2986000.0,5483000.0,-1943000.0,-1950000.0,6931000.0,6036000.0,11330000.0,18389000.0,18101000.0
Consolidated Income,-11062000.0,-38127000.0,1969000.0,-3143000.0,-5970000.0,4793000.0,4529000.0,8482000.0,14704000.0,17340000.0
Earnings Before Tax Margin,0.0082,-0.0118,0.0223,-0.0082,-0.0085,0.0324,0.0298,0.0584,0.0966,0.0958
Net Profit Margin,-0.0453,-0.1509,0.008,-0.0133,-0.0259,0.0224,0.0223,0.0437,0.0773,0.0785
