date,,2020-12-31_FY,2019-12-31_FY,2018-12-31_FY,2017-12-31_FY,2016-12-31_FY,2015-12-31_FY,2014-12-31_FY,2013-12-31_FY,2012-12-31_FY,2011-12-31_FY
,revenue,160840000.0,156297000.0,129484000.0,106487000.0,72461000.0,55052000.0,36896000.0,20490578.0,11516458.0,9173954.0
,costOfRevenue,58312000.0,57316000.0,49872000.0,42886000.0,28414000.0,21722000.0,15014000.0,6021287.0,4109993.0,3079294.0
,grossProfit,102528000.0,98981000.0,79612000.0,63601000.0,44047000.0,33330000.0,21882000.0,14469291.0,7406465.0,6094660.0
,grossProfitRatio,0.637453369808505,0.633287906997575,0.614840443606932,0.597265393897847,0.607871820703551,0.605427595727676,0.593072419774501,0.706143623669376,0.6431200461114,0.664343858711304
,,,,,,,,,,,,,,,,,,,,,,,,,,,,,,,,,,,,,,,,,,,,,,,,,,,,,,,,,,,,,,,,,,,,,,,,,,,,,,,,,,,,,,,,,,,,,,,,,,,,,
COST And EXPENSES,,,,,,,,,,,,,,,,,,,,,,,,,,,,,,,,,,,,,,,,,,,,,,,,,,,,,,,,,,,,,,,,,,,,,,,,,,,,,,,,,,,,,,,,,,,,,,,,,,,,,
,ResearchAndDevelopmentExpenses,0.0,0.0,0.0,0.0,0.0,0.0,0.0,0.0,0.0,0.0
,GeneralAndAdministrativeExpenses,10690000.0,11066000.0,8137000.0,6792000.0,6538000.0,5030000.0,3087000.0,1057821.0,969503.0,675865.0
,SellingAndMarketingExpenses,0.0,0.0,0.0,0.0,0.0,0.0,0.0,0.0,0.0,0.0
,otherExpenses,0.0,0.0,0.0,0.0,0.0,0.0,0.0,0.0,0.0,0.0
,operatingExpenses,71057000.0,70225000.0,60489000.0,48386000.0,36716000.0,26654000.0,17816000.0,10218994.0,5895271.0,4516320.0
,costAndExpenses,129369000.0,127541000.0,113858000.0,91272000.0,72758000.0,50525000.0,35936000.0,16240281.0,10005264.0,7595614.0
,interestExpense,26363000.0,29726000.0,23937000.0,20173000.0,14761000.0,11353000.0,7854000.0,5368016.0,3685881.0,2194794.0
,,,,,,,,,,,,,,,,,,,,,,,,,,,,,,,,,,,,,,,,,,,,,,,,,,,,,,,,,,,,,,,,,,,,,,,,,,,,,,,,,,,,,,,,,,,,,,,,,,,,,
EBITDA,,,,,,,,,,,,,,,,,,,,,,,,,,,,,,,,,,,,,,,,,,,,,,,,,,,,,,,,,,,,,,,,,,,,,,,,,,,,,,,,,,,,,,,,,,,,,,,,,,,,,
,depreciationAndAmortization,60367000.0,59159000.0,52352000.0,41594000.0,30178000.0,21624000.0,14729000.0,7775219.0,3956204.0,3132438.0
,EBITDA,91838000.0,87915000.0,67978000.0,56809000.0,29881000.0,26151000.0,15689000.0,12025516.0,5467398.0,4710778.0
,EBITDARatio,0.57098980353146,0.562486803969366,0.524991504741899,0.533482960361359,0.412373552669712,0.475023614037637,0.425222246313964,0.586880272484261,0.474746488894415,0.513494835487512
,,,,,,,,,,,,,,,,,,,,,,,,,,,,,,,,,,,,,,,,,,,,,,,,,,,,,,,,,,,,,,,,,,,,,,,,,,,,,,,,,,,,,,,,,,,,,,,,,,,,,
INCOME,,,,,,,,,,,,,,,,,,,,,,,,,,,,,,,,,,,,,,,,,,,,,,,,,,,,,,,,,,,,,,,,,,,,,,,,,,,,,,,,,,,,,,,,,,,,,,,,,,,,,
,operatingIncome,31471000.0,28756000.0,15626000.0,15215000.0,-297000.0,4527000.0,960000.0,4250297.0,1511194.0,1578340.0
,operatingIncomeRatio,0.19566650087043,0.183983057896185,0.120679002811158,0.142881290673979,-0.00409875657250107,0.0822313449102667,0.02601908065915,0.207426896400873,0.131220380432942,0.172045772193756
,totalOtherIncomeExpensesNet,26342000.0,26314000.0,-23043000.0,6057000.0,-673000.0,12194000.0,5870000.0,8427590.0,3392769.0,2247932.0
,incomeBeforeTax,5129000.0,2442000.0,38669000.0,9158000.0,376000.0,-7667000.0,-4910000.0,-4177293.0,-1881575.0,-669592.0
,incomeBeforeTaxRatio,0.0318888336234767,0.0156241002706386,0.298639214111396,0.0860011081164837,0.00518899821973199,-0.139268328126135,-0.133076756287944,-0.203864088167742,-0.163381397301149,-0.0729883755684844
,incomeTaxExpense,0.0,0.0,0.0,0.0,0.0,0.0,0.0,0.0,0.0,0.0
,netIncome,4527000.0,1798000.0,38168000.0,5756000.0,-843000.0,-6591000.0,-3037000.0,-4132925.0,-1595094.0,-617446.0
,netIncomeRatio,0.0281459835861726,0.0115037396751057,0.29477001019431,0.0540535464422887,-0.0116338444128566,-0.119723170820315,-0.082312445793582,-0.201698800297385,-0.138505606498109,-0.0673042398076119
,,,,,,,,,,,,,,,,,,,,,,,,,,,,,,,,,,,,,,,,,,,,,,,,,,,,,,,,,,,,,,,,,,,,,,,,,,,,,,,,,,,,,,,,,,,,,,,,,,,,,
EPS,,,,,,,,,,,,,,,,,,,,,,,,,,,,,,,,,,,,,,,,,,,,,,,,,,,,,,,,,,,,,,,,,,,,,,,,,,,,,,,,,,,,,,,,,,,,,,,,,,,,,
,EPS,0.102893379094029,0.04087,1.01322,0.19061,-0.0412,-0.53115,-0.35832,-0.52,-0.19911,-0.077074
,EPSDiluted,0.102893379094029,0.04087,1.01322,0.19061,-0.0412,-0.53115,-0.35832,-0.52,-0.19911,-0.077074
,weightedAverageShsOut,43593000.0,43997000.0,37670000.0,30198000.0,20460000.0,12409000.0,8475700.0,8011130.0,8011130.0,8011130.0
,weightedAverageShsOutDil,43593000.0,43997000.0,37670000.0,30198000.0,20460000.0,12409000.0,8475700.0,8011130.0,8011130.0,8011130.0
