date,,2020-12-31_FY,2019-12-31_FY,2018-12-31_FY,2017-12-31_FY,2016-12-31_FY,2015-12-31_FY,2014-12-31_FY,2013-12-31_FY,2012-12-31_FY,2011-12-31_FY,2010-12-31_FY,2010-12-21_FY,2009-12-31_FY
,revenue,144916000.0,328328000.0,324230000.0,298856000.0,293820000.0,276950000.0,197216000.0,126228000.0,100464000.0,73096000.0,25470000.0,25470000.0,21738000.0
,costOfRevenue,122583000.0,204638000.0,199983000.0,179515000.0,174480000.0,159318000.0,115577000.0,79146000.0,63740000.0,42167000.0,15025000.0,0.0,5926000.0
,grossProfit,22333000.0,123690000.0,124247000.0,119341000.0,119340000.0,117632000.0,81639000.0,47082000.0,36724000.0,30929000.0,10445000.0,25470000.0,15812000.0
,grossProfitRatio,0.154109967153385,0.37672693160498,0.383206365851402,0.399326096849319,0.406167041045538,0.424740927965337,0.413957285412948,0.37299172925183,0.365543876413442,0.423128488562986,0.410090302316451,1.0,0.727389824270862
,,,,,,,,,,,,,,,,,,,,,,,,,,,,,,,,,,,,,,,,,,,,,,,,,,,,,,,,,,,,,,,,,,,,,,,,,,,,,,,,,,,,,,,,,,,,,,,,,,,,,
COST And EXPENSES,,,,,,,,,,,,,,,,,,,,,,,,,,,,,,,,,,,,,,,,,,,,,,,,,,,,,,,,,,,,,,,,,,,,,,,,,,,,,,,,,,,,,,,,,,,,,,,,,,,,,
,ResearchAndDevelopmentExpenses,0.0,0.0,0.0,0.0,0.0,0.0,0.0,0.0,0.0,0.0,0.0,0.0,0.0
,GeneralAndAdministrativeExpenses,11564000.0,14077000.0,14120000.0,12825000.0,11119000.0,11677000.0,9852000.0,8131000.0,7565000.0,5802000.0,3547000.0,3547000.0,7908000.0
,SellingAndMarketingExpenses,0.0,0.0,0.0,0.0,0.0,0.0,0.0,0.0,0.0,0.0,0.0,0.0,0.0
,otherExpenses,-4385000.0,-1441000.0,-3806000.0,-523000.0,-4139000.0,-3743000.0,-1992000.0,-1635000.0,-1622000.0,0.0,0.0,22384000.0,0.0
,operatingExpenses,65435000.0,65582000.0,62289000.0,59117000.0,59894000.0,60658000.0,44562000.0,26380000.0,21838000.0,23094000.0,7717000.0,25931000.0,11782000.0
,costAndExpenses,188018000.0,270220000.0,262272000.0,238632000.0,234374000.0,219976000.0,160139000.0,105526000.0,85578000.0,65261000.0,22742000.0,25931000.0,17708000.0
,interestExpense,26982000.0,26758000.0,25232000.0,26554000.0,26557000.0,25679000.0,19336000.0,10232000.0,12586000.0,8190000.0,932000.0,932000.0,3573000.0
,,,,,,,,,,,,,,,,,,,,,,,,,,,,,,,,,,,,,,,,,,,,,,,,,,,,,,,,,,,,,,,,,,,,,,,,,,,,,,,,,,,,,,,,,,,,,,,,,,,,,
EBITDA,,,,,,,,,,,,,,,,,,,,,,,,,,,,,,,,,,,,,,,,,,,,,,,,,,,,,,,,,,,,,,,,,,,,,,,,,,,,,,,,,,,,,,,,,,,,,,,,,,,,,
,depreciationAndAmortization,53871000.0,51505000.0,48169000.0,46292000.0,48775000.0,48981000.0,34710000.0,18249000.0,14273000.0,11971000.0,2564000.0,2537000.0,2619000.0
,EBITDA,10769000.0,109613000.0,110127000.0,106516000.0,108221000.0,105955000.0,71787000.0,38951000.0,29159000.0,19806000.0,5292000.0,1337000.0,6649000.0
,EBITDARatio,0.0743120152364128,0.33385212348627,0.339657033587268,0.356412452820087,0.368324144033762,0.382578082686405,0.364001906539023,0.308576544031435,0.290243271221532,0.270958739192295,0.207773851590106,0.0524931291715744,0.305869905235072
,,,,,,,,,,,,,,,,,,,,,,,,,,,,,,,,,,,,,,,,,,,,,,,,,,,,,,,,,,,,,,,,,,,,,,,,,,,,,,,,,,,,,,,,,,,,,,,,,,,,,
INCOME,,,,,,,,,,,,,,,,,,,,,,,,,,,,,,,,,,,,,,,,,,,,,,,,,,,,,,,,,,,,,,,,,,,,,,,,,,,,,,,,,,,,,,,,,,,,,,,,,,,,,
,operatingIncome,-43102000.0,58108000.0,61958000.0,60224000.0,59446000.0,56974000.0,37077000.0,20702000.0,14886000.0,7835000.0,2728000.0,-1200000.0,4030000.0
,operatingIncomeRatio,-0.297427475227028,0.176981555030336,0.191092742806033,0.201515110956447,0.202321149002791,0.20571944394295,0.188001987668343,0.164004816680927,0.148172479694219,0.107187807814381,0.107106399685905,-0.0471142520612485,0.185389640261294
,totalOtherIncomeExpensesNet,-5975000.0,-11171000.0,-4700000.0,-2277000.0,194000.0,4124000.0,51355000.0,-6148000.0,-1675000.0,-8703000.0,-3189000.0,193000.0,0.0
,incomeBeforeTax,-77020000.0,18880000.0,30842000.0,30076000.0,31394000.0,33438000.0,67186000.0,3106000.0,-1375000.0,-9036000.0,-1200000.0,-1200000.0,0.0
,incomeBeforeTaxRatio,-0.531480305832344,0.0575034721376185,0.0951238318477624,0.100637096126563,0.106847729902661,0.120736595053259,0.340672156417329,0.0246062680229426,-0.0136864946647555,-0.123618255444894,-0.0471142520612485,-0.0471142520612485,0.0
,incomeTaxExpense,0.0,0.0,-28000.0,396000.0,-301000.0,260000.0,105000.0,124000.0,75000.0,69000.0,17000.0,-17000.0,0.0
,netIncome,-76023000.0,18703000.0,30641000.0,29478000.0,31483000.0,32966000.0,66873000.0,2982000.0,-1450000.0,-9105000.0,-1217000.0,-1183000.0,457000.0
,netIncomeRatio,-0.524600458196472,0.0569643770863283,0.0945039015513679,0.0986361324517493,0.107150636444081,0.119032316302582,0.339085064092163,0.0236239186234433,-0.0144330307373786,-0.124562219546897,-0.0477817039654495,-0.0464468001570475,0.0210230932008464
,,,,,,,,,,,,,,,,,,,,,,,,,,,,,,,,,,,,,,,,,,,,,,,,,,,,,,,,,,,,,,,,,,,,,,,,,,,,,,,,,,,,,,,,,,,,,,,,,,,,,
EPS,,,,,,,,,,,,,,,,,,,,,,,,,,,,,,,,,,,,,,,,,,,,,,,,,,,,,,,,,,,,,,,,,,,,,,,,,,,,,,,,,,,,,,,,,,,,,,,,,,,,,
,EPS,-1.62481247642597,0.39973255128836,0.66504585117936,0.739554284947873,0.82,0.87,2.32,0.141757715812574,-0.12,-0.69,-0.19,-0.00019,0.056584
,EPSDiluted,-1.62481247642597,0.397739162389353,0.662598937886837,0.734887428199643,0.81,0.86,2.3,0.140106355852948,-0.12,-0.69,-0.19,-0.00019,0.056584
,weightedAverageShsOut,46969483.0,46788784.0,46073515.0,39859143.0,38299067.0,37917871.0,28531094.0,21035892.0,13811691.0,13280149.0,6377333.0,6377333000.0,8076550.0
,weightedAverageShsOutDil,46969483.0,47023280.0,46243660.0,40112266.0,38482875.0,38322285.0,28846724.0,21283831.0,13811691.0,13280149.0,6377333.0,6377333000.0,8076550.0
