date,,2020-12-31_FY,2019-12-31_FY,2018-12-31_FY,2017-12-31_FY,2016-12-31_FY,2015-12-31_FY,2014-12-31_FY,2013-12-31_FY,2012-12-31_FY,2011-12-31_FY,2010-12-31_FY,2009-12-31_FY,2008-12-31_FY,2007-12-31_FY,2006-12-31_FY,2005-12-31_FY,2004-12-31_FY,2003-12-31_FY,2002-12-31_FY,2001-12-31_FY,2000-12-31_FY,1999-12-31_FY,1998-12-31_FY,1997-12-31_FY,1996-12-31_FY,1995-12-31_FY,1994-12-31_FY
,revenue,313562000.0,350935000.0,530606000.0,616200000.0,613398000.0,594883000.0,636799000.0,667031000.0,704743000.0,724279000.0,787480000.0,764525000.0,777969000.0,808350000.0,740309000.0,643405000.0,588991000.0,586246000.0,569614000.0,584348000.0,576153000.0,551484000.0,493699000.0,249801000.0,95472000.0,62300000.0,16900000.0
,costOfRevenue,141410000.0,147438000.0,224154000.0,254735000.0,267217000.0,272187000.0,302329000.0,292135000.0,280137000.0,202377000.0,342319000.0,297315000.0,317493000.0,0.0,0.0,0.0,0.0,0.0,0.0,0.0,0.0,0.0,0.0,0.0,0.0,0.0,0.0
,grossProfit,172152000.0,203497000.0,306452000.0,361465000.0,346181000.0,322696000.0,334470000.0,374896000.0,424606000.0,521902000.0,445161000.0,467210000.0,460476000.0,0.0,0.0,0.0,0.0,0.0,0.0,0.0,0.0,0.0,0.0,0.0,95472000.0,0.0,0.0
,grossProfitRatio,0.549020608364534,0.579870916266545,0.577550951176579,0.586603375527426,0.564366039667557,0.542452885693489,0.525236377569688,0.562036846863189,0.602497648078803,0.720581433397903,0.565298166302636,0.611111474444917,0.591895049802756,0.0,0.0,0.0,0.0,0.0,0.0,0.0,0.0,0.0,0.0,0.0,1.0,0.0,0.0
,,,,,,,,,,,,,,,,,,,,,,,,,,,,,,,,,,,,,,,,,,,,,,,,,,,,,,,,,,,,,,,,,,,,,,,,,,,,,,,,,,,,,,,,,,,,,,,,,,,,,
COST And EXPENSES,,,,,,,,,,,,,,,,,,,,,,,,,,,,,,,,,,,,,,,,,,,,,,,,,,,,,,,,,,,,,,,,,,,,,,,,,,,,,,,,,,,,,,,,,,,,,,,,,,,,,
,ResearchAndDevelopmentExpenses,0.0,0.0,0.0,0.0,0.0,0.0,0.0,0.0,0.0,0.0,0.0,0.0,0.0,0.0,0.0,0.0,0.0,0.0,0.0,0.0,0.0,0.0,0.0,0.0,0.0,0.0,0.0
,GeneralAndAdministrativeExpenses,73641000.0,59796000.0,53988000.0,50949000.0,51979000.0,49147000.0,73169000.0,47682000.0,47868000.0,35541000.0,35003000.0,39807000.0,43984000.0,52162000.0,49077000.0,33090000.0,31793000.0,31461000.0,27054000.0,28490000.0,23276000.0,25480000.0,25572000.0,15862000.0,5800000.0,3700000.0,1200000.0
,SellingAndMarketingExpenses,0.0,0.0,0.0,0.0,0.0,0.0,0.0,0.0,0.0,0.0,0.0,0.0,0.0,0.0,0.0,0.0,0.0,0.0,0.0,0.0,0.0,0.0,0.0,0.0,0.0,0.0,0.0
,otherExpenses,0.0,0.0,0.0,0.0,0.0,0.0,0.0,0.0,0.0,0.0,0.0,0.0,0.0,0.0,0.0,0.0,0.0,0.0,0.0,0.0,0.0,0.0,0.0,0.0,0.0,0.0,0.0
,operatingExpenses,195676000.0,191812000.0,228835000.0,256118000.0,238663000.0,219549000.0,245659000.0,230448000.0,236876000.0,316601000.0,226171000.0,242350000.0,238619000.0,591818000.0,520250000.0,415534000.0,350716000.0,334452000.0,304696000.0,294647000.0,324649000.0,281340000.0,254192000.0,174356000.0,51274000.0,-32800000.0,-8800000.0
,costAndExpenses,337086000.0,339250000.0,452989000.0,510853000.0,505880000.0,491736000.0,547988000.0,522583000.0,517013000.0,518978000.0,568490000.0,539665000.0,556112000.0,591818000.0,520250000.0,415534000.0,350716000.0,334452000.0,304696000.0,294647000.0,324649000.0,281340000.0,254192000.0,174356000.0,51274000.0,-32800000.0,-8800000.0
,interestExpense,80991000.0,90569000.0,83754000.0,93388000.0,94889000.0,103051000.0,112878000.0,123701000.0,122368000.0,125975000.0,149329000.0,141273000.0,128145000.0,126672000.0,136357000.0,119337000.0,109649000.0,116311000.0,107823000.0,112003000.0,105394000.0,0.0,88043000.0,0.0,12677000.0,8700000.0,1800000.0
,,,,,,,,,,,,,,,,,,,,,,,,,,,,,,,,,,,,,,,,,,,,,,,,,,,,,,,,,,,,,,,,,,,,,,,,,,,,,,,,,,,,,,,,,,,,,,,,,,,,,
EBITDA,,,,,,,,,,,,,,,,,,,,,,,,,,,,,,,,,,,,,,,,,,,,,,,,,,,,,,,,,,,,,,,,,,,,,,,,,,,,,,,,,,,,,,,,,,,,,,,,,,,,,
,depreciationAndAmortization,122035000.0,132016000.0,174847000.0,205169000.0,186684000.0,170402000.0,172490000.0,182766000.0,189008000.0,193587000.0,191168000.0,202543000.0,194635000.0,183564000.0,160859000.0,155370000.0,130254000.0,119157000.0,109513000.0,91471000.0,92088000.0,87209000.0,78916000.0,36825000.0,15812000.0,12100000.0,3800000.0
,EBITDA,98511000.0,143701000.0,252464000.0,310516000.0,294202000.0,273549000.0,261301000.0,327214000.0,376738000.0,398888000.0,410158000.0,427403000.0,416492000.0,400096000.0,380918000.0,383241000.0,368529000.0,370951000.0,374431000.0,381172000.0,343592000.0,357353000.0,318423000.0,112270000.0,60010000.0,107200000.0,29500000.0
,EBITDARatio,0.314167533055664,0.40948038810606,0.475803138298474,0.503920804933463,0.479626604586256,0.459836640146046,0.410335129295115,0.490552912833137,0.534575015289261,0.550738044317176,0.520848783461167,0.559043850757006,0.535358092674644,0.494953918475908,0.514539199172238,0.595645044722997,0.625695469030936,0.632756556121492,0.657341638372652,0.652303079671702,0.596355481963992,0.647984347687331,0.644973961867454,0.449437752450951,0.628561253561254,1.7207062600321,1.74556213017751
,,,,,,,,,,,,,,,,,,,,,,,,,,,,,,,,,,,,,,,,,,,,,,,,,,,,,,,,,,,,,,,,,,,,,,,,,,,,,,,,,,,,,,,,,,,,,,,,,,,,,
INCOME,,,,,,,,,,,,,,,,,,,,,,,,,,,,,,,,,,,,,,,,,,,,,,,,,,,,,,,,,,,,,,,,,,,,,,,,,,,,,,,,,,,,,,,,,,,,,,,,,,,,,
,operatingIncome,-23524000.0,11685000.0,77617000.0,105347000.0,107518000.0,103147000.0,88811000.0,144448000.0,187730000.0,205301000.0,218990000.0,224860000.0,221857000.0,216532000.0,220059000.0,227871000.0,238275000.0,251794000.0,264918000.0,289701000.0,251504000.0,270144000.0,239507000.0,75445000.0,44198000.0,95100000.0,25700000.0
,operatingIncomeRatio,-0.0750218457593713,0.033296764358072,0.146279913909756,0.170962349886401,0.175282606073055,0.173390397775697,0.139464729058934,0.216553653428401,0.266380794133464,0.283455684894909,0.278089602275613,0.294117262352441,0.285174602072833,0.267869116100699,0.297252903855012,0.354164173421096,0.404547777470284,0.429502290847187,0.465083372248575,0.495767932807163,0.43652293748362,0.489849206867289,0.485127577734612,0.302020408244963,0.462942014412603,1.52648475120385,1.5207100591716
,totalOtherIncomeExpensesNet,-11051000.0,329026000.0,109149000.0,18993000.0,116051000.0,-142942000.0,51843000.0,-113336000.0,-19116000.0,2022000.0,-10997000.0,-20430000.0,-29554000.0,-127277000.0,20137000.0,4457000.0,637000.0,0.0,2759000.0,-11864000.0,0.0,-14501000.0,0.0,0.0,0.0,0.0,0.0
,incomeBeforeTax,-115523000.0,252554000.0,106401000.0,33718000.0,130294000.0,-142052000.0,31391000.0,-89686000.0,46281000.0,0.0,0.0,63728000.0,0.0,0.0,0.0,0.0,0.0,0.0,0.0,0.0,0.0,0.0,0.0,0.0,0.0,0.0,0.0
,incomeBeforeTaxRatio,-0.368421556183466,0.719660335959651,0.200527321590785,0.054719246997728,0.212413473796784,-0.238789812450515,0.0492949894707749,-0.134455520058288,0.0656707480599311,0.0,0.0,0.0833563323632321,0.0,0.0,0.0,0.0,0.0,0.0,0.0,0.0,0.0,0.0,0.0,0.0,0.0,0.0,0.0
,incomeTaxExpense,0.0,0.0,0.0,0.0,0.0,0.0,0.0,0.0,0.0,0.0,0.0,0.0,0.0,0.0,0.0,0.0,0.0,0.0,0.0,0.0,0.0,0.0,0.0,0.0,0.0,0.0,0.0
,netIncome,-51387000.0,111861000.0,84111000.0,23185000.0,117224000.0,-125752000.0,28567000.0,-14909000.0,40922000.0,71420000.0,54900000.0,54568000.0,53726000.0,110466000.0,144666000.0,95488000.0,102453000.0,143053000.0,139722000.0,131659000.0,185338000.0,119739000.0,116578000.0,1405000.0,31944000.0,13600000.0,3900000.0
,netIncomeRatio,-0.163881465228567,0.318751335717441,0.158518750259138,0.037625770853619,0.191105937743521,-0.211389466500135,0.0448603091399327,-0.0223512850227351,0.0580665575961734,0.0986084091903811,0.0697160562807944,0.0713750367875478,0.0690593069903814,0.136656151419558,0.19541299646499,0.148410410239274,0.173946630763458,0.244015310978668,0.245292426099078,0.225309233538919,0.321681914352611,0.217121439606589,0.23613173208777,0.00562447708375867,0.334590246354952,0.218298555377207,0.230769230769231
,,,,,,,,,,,,,,,,,,,,,,,,,,,,,,,,,,,,,,,,,,,,,,,,,,,,,,,,,,,,,,,,,,,,,,,,,,,,,,,,,,,,,,,,,,,,,,,,,,,,,
EPS,,,,,,,,,,,,,,,,,,,,,,,,,,,,,,,,,,,,,,,,,,,,,,,,,,,,,,,,,,,,,,,,,,,,,,,,,,,,,,,,,,,,,,,,,,,,,,,,,,,,,
,EPS,-0.7,1.2352551431695,0.930554940921361,0.257596800177768,1.31,-1.40833902632964,0.321965128991175,-0.169879902463481,0.466390098242575,0.830011505340105,0.692971826719176,0.734250114373369,0.820382048893707,1.62,2.29,1.52,1.66,2.45,2.44,2.33,3.18,2.05,2.09,0.0357815922171854,1.73,1.23,0.38
,EPSDiluted,-0.7,1.11095551649137,0.835064135657837,0.230231472746591,1.3,-1.25473448943346,0.285552923301446,-0.14941123415343,0.409236369454778,0.721691154180392,0.593661126550385,0.61736188892283,0.666178950500942,1.61,2.28,1.51,1.65,2.43,2.43,2.32,3.1,2.04,2.07,0.031819005344687,1.73,1.22,0.38
,weightedAverageShsOut,90648000.0,90557000.0,90388000.0,90005000.0,89746000.0,89291000.0,88727000.0,87762000.0,87742000.0,86047000.0,79224000.0,74318000.0,65489000.0,67026000.0,62237000.0,61477000.0,60351000.0,57724000.0,57227000.0,56538000.0,58338000.0,58385000.0,55840000.0,39266000.0,18461000.0,11056911.0,10263158.0
,weightedAverageShsOutDil,100260000.0,100689000.0,100724000.0,100703000.0,100498000.0,100222000.0,100041000.0,99785000.0,99996000.0,98962000.0,92477000.0,88389000.0,80648000.0,82500000.0,77901000.0,74189000.0,68743000.0,65990000.0,65427000.0,64775000.0,73070000.0,67133000.0,63893000.0,44156000.0,18461000.0,11147541.0,10263158.0
