Date,2018-12-31,2017-12-31,2016-12-31,2015-12-31,2014-12-31,2013-12-31,2012-12-31,2011-12-31,2010-12-31,2009-06-30
Revenue,28156000.0,41804000.0,48637000.0,57796000.0,57909000.0,49592000.0,46417000.0,46067000.0,41284000.0,35700000.0
Revenue Growth,-0.326475935317195,-0.140489750601394,-0.158471174475742,-0.0019513374432299,0.167708501371189,0.0684016631837473,0.00759762953958365,0.115856021703323,0.156414565826331,-0.0789
Cost of Revenue,14785000.0,17795000.0,19150000.0,21077000.0,22586000.0,19735000.0,19089000.0,18522000.0,16643000.0,15323000.0
Gross Profit,13371000.0,24009000.0,29487000.0,36719000.0,35323000.0,29857000.0,27328000.0,27545000.0,24641000.0,20377000.0
R&D Expenses,7840000.0,9342000.0,8584000.0,8318000.0,8969000.0,7562000.0,8261000.0,-7128000.0,7739000.0,7541000.0
SG&A Expense,15858000.0,18157000.0,17357000.0,18139000.0,18379000.0,15312000.0,15046000.0,-13547000.0,15105000.0,11160000.0
Operating Expenses,23698000.0,40202000.0,25941000.0,26457000.0,27348000.0,22874000.0,23307000.0,16973000.0,22844000.0,17601000.0
Operating Income,-10327000.0,-16193000.0,3566000.0,10262000.0,7975000.0,7622000.0,42521000.0,10572000.0,1797000.0,2776000.0
Interest Expense,0.0,0.0,0.0,0.0,0.0,0.0,0.0,0.0,0.0,1000.0
Earnings before Tax,-10247000.0,-15893000.0,3878000.0,10551000.0,8229000.0,7769000.0,42555000.0,10596000.0,1693000.0,3222000.0
Income Tax Expense,6440000.0,-1721000.0,1434000.0,3775000.0,2633000.0,-2590000.0,-15908000.0,-3667000.0,-681000.0,995000.0
Net Income - Non-Controlling int,0.0,0.0,0.0,0.0,0.0,0.0,0.0,0.0,0.0,0.0
Net Income - Discontinued ops,0.0,0.0,0.0,0.0,0.0,0.0,0.0,0.0,0.0,0.0
Net Income,-16687000.0,-14172000.0,2444000.0,6776000.0,5596000.0,5179000.0,26647000.0,6929000.0,2374000.0,2227000.0
Preferred Dividends,0.0,0.0,0.0,0.0,0.0,0.0,0.0,0.0,0.0,0.0
Net Income Com,-16687000.0,-14172000.0,2444000.0,6776000.0,5596000.0,5179000.0,26647000.0,6929000.0,2374000.0,2227000.0
EPS,-1.87,-1.65,0.27,0.74,0.61,0.57,2.93,0.77,0.27,0.24
EPS Diluted,-1.87,-1.65,0.26,0.71,0.58,0.55,2.89,0.75,0.27,0.24
Weighted Average Shs Out,8942629.0,8576588.0,9021980.0,9127385.0,9166769.0,9064340.0,9107234.0,9027934.0,8929439.0,9213731.0
Weighted Average Shs Out (Dil),8942629.0,8576588.0,9306034.0,9594659.0,9581326.0,9455518.0,9214685.0,9271811.0,8929305.0,9338320.0
Dividend per Share,0.0651933564503,0.261059526236,0.195249662746,0.147686332573,0.0953938943315,0.0,0.0,0.0,0.0,0.0
Gross Margin,0.474889899133,0.574323031289,0.606266833892,0.635320783445,0.609974269975,0.602052750444,0.588749811491,0.597933444765,0.5969,0.5708
EBITDA Margin,-0.310733058673,-0.349679456511,0.110327528425,0.213163540729,0.17040529106,0.180150024197,0.956481461533,0.255974992945,0.07,0.11
EBIT Margin,-0.366777951414,-0.387355277007,0.0733186668586,0.177555540176,0.137716071768,0.153694144217,0.91606523472,0.229491827121,0.041,0.0903
Profit Margin,-0.592662309987,-0.339010620993,0.0502498098156,0.117239947401,0.0966343746223,0.104432166478,0.574078462632,0.150411357371,0.058,0.062
Free Cash Flow margin,-0.247087654496,-0.237034733518,0.146061640315,0.125181673472,0.104785093854,-0.221648653009,0.933925070556,0.134130722643,0.0869,-0.0839
EBITDA,-8749000.0,-14618000.0,5366000.0,12320000.0,9868000.0,8934000.0,44397000.0,11792000.0,2894000.0,3943000.0
EBIT,-10327000.0,-16193000.0,3566000.0,10262000.0,7975000.0,7622000.0,42521000.0,10572000.0,1693000.0,3223000.0
Consolidated Income,-16687000.0,-14172000.0,2444000.0,6776000.0,5596000.0,5179000.0,26647000.0,6929000.0,2374000.0,2227000.0
Earnings Before Tax Margin,-0.363936638727,-0.380178930246,0.0797335361967,0.18255588622,0.142102263897,0.156658331989,0.916797724971,0.230012807433,0.041,0.0903
Net Profit Margin,-0.592662309987,-0.339010620993,0.0502498098156,0.117239947401,0.0966343746223,0.104432166478,0.574078462632,0.150411357371,0.0575,0.0624
