Date,2018-12-31,2017-12-31,2016-12-31,2015-12-31,2014-12-31,2013-12-31,2012-12-31,2011-12-31,2010-12-31,2009-12-31
Revenue,500000.0,500000.0,500000.0,500000.0,500000.0,500000.0,0.0,2000000.0,0.0,0.0
Revenue Growth,0.0,0.0,0.0,0.0,0.0,0.0,-1.0,0.0,0.0,-1.0
Cost of Revenue,0.0,0.0,0.0,0.0,0.0,0.0,0.0,0.0,0.0,0.0
Gross Profit,500000.0,500000.0,500000.0,500000.0,500000.0,500000.0,0.0,2000000.0,0.0,0.0
R&D Expenses,11865523.0,13078710.0,14623068.0,14659941.0,14969382.0,9364228.0,15770166.0,19863836.0,14714460.0,13680939.0
SG&A Expense,9699521.0,5889722.0,6526752.0,6686852.0,8860549.0,6547257.0,6372551.0,5154933.0,4922967.0,3326610.0
Operating Expenses,21565044.0,18968432.0,21149820.0,21346793.0,25215194.0,15911485.0,22142717.0,25018769.0,19637427.0,17007549.0
Operating Income,-21065044.0,-18468432.0,-20649820.0,-20846793.0,-24715194.0,-15411485.0,-22142717.0,-23018769.0,-19637427.0,-17007549.0
Interest Expense,712025.0,91756.0,722993.0,1357182.0,1326438.0,915235.0,359413.0,501855.0,31517.0,94920.0
Earnings before Tax,-22302474.0,-20402176.0,-22053726.0,-22461084.0,-25494273.0,-8251358.0,-26568382.0,-23222678.0,-18818435.0,-16002109.0
Income Tax Expense,-10419115.0,0.0,0.0,0.0,0.0,0.0,0.0,0.0,0.0,-806255.0
Net Income - Non-Controlling int,0.0,0.0,0.0,0.0,0.0,0.0,0.0,0.0,0.0,0.0
Net Income - Discontinued ops,0.0,0.0,0.0,0.0,0.0,0.0,0.0,0.0,0.0,0.0
Net Income,-11883359.0,-20402176.0,-22053726.0,-22461084.0,-25494273.0,-8251358.0,-26568382.0,-23222678.0,-18818435.0,-15195854.0
Preferred Dividends,0.0,345685.0,0.0,0.0,0.0,4601410.0,0.0,0.0,0.0,0.0
Net Income Com,-11883359.0,-20747861.0,-22053726.0,-22461084.0,-25494273.0,-12852768.0,-26568382.0,-23222678.0,-18818435.0,-15195854.0
EPS,-0.68,-2.72,-11.89,-14.42,-19.32,-13.3,-48.16,-70.0,-95.76,-90.09
EPS Diluted,-0.68,-2.72,-11.89,-14.42,-19.32,-13.3,-48.16,-70.0,-95.76,-90.09
Weighted Average Shs Out,18731834.0,16062341.0,1862773.0,1659830.0,1426897.0,971784.0,555761.0,423647.0,202349.0,192349.0
Weighted Average Shs Out (Dil),17582879.0,7627210.0,1854054.0,1558088.0,1319458.0,967184.0,552208.0,332027.0,196435.0,169130.0
Dividend per Share,0.0,0.0,0.0,0.0,0.0,0.0,0.0,0.0,0.0,0.0
Gross Margin,1.0,1.0,1.0,1.0,1.0,1.0,0.0,1.0,0.0,0.0
EBITDA Margin,-42.467,-39.515,-40.616,-41.358,-47.597,-13.994,-11.276,,,
EBIT Margin,-43.1809,-40.6208,-42.6615,-42.2078,-48.3357,-14.6722,0.0,-11.3604,0.0,0.0
Profit Margin,-23.767,-41.496,-44.107,-44.922,-50.989,-25.706,-11.611,,,
Free Cash Flow margin,-14.3602,-33.3614,-36.8837,-41.8798,-44.0506,-19.1655,0.0,-11.6579,0.0,0.0
EBITDA,-21233590.0,-19757410.0,-20307904.0,-20678936.0,-23798508.0,-6996894.0,-25927480.0,-22551465.0,-18621438.0,-15797535.0
EBIT,-21590449.0,-20310420.0,-21330733.0,-21103902.0,-24167835.0,-7336123.0,-26208969.0,-22720823.0,-18786918.0,-15907189.0
Consolidated Income,-11883359.0,-20402176.0,-22053726.0,-22461084.0,-25494273.0,-8251358.0,-26568382.0,-23222678.0,-18818435.0,-15195854.0
Earnings Before Tax Margin,-44.6049,-40.8044,-44.1075,-44.9222,-50.9885,-16.5027,0.0,-11.6113,0.0,0.0
Net Profit Margin,-23.7667,-40.8044,-44.1075,-44.9222,-50.9885,-16.5027,0.0,-11.6113,0.0,0.0
