date,,2020-12-31_FY,2019-12-31_FY,2018-12-31_FY,2017-12-31_FY,2016-12-31_FY,2015-12-31_FY,2014-12-31_FY,2013-12-31_FY,2012-12-31_FY,2011-12-31_FY
,revenue,1558613000.0,515340000.0,4981700000.0,4974800000.0,4564700000.0,3773900000.0,1858200000.0,749911000.0,287927000.0,140054000.0
,costOfRevenue,449031000.0,178392000.0,1540600000.0,1780100000.0,1543800000.0,956400000.0,438700000.0,140526000.0,71560000.0,53737000.0
,grossProfit,1109582000.0,336948000.0,3441100000.0,3194700000.0,3020800000.0,2817500000.0,1419500000.0,609385000.0,216367000.0,86317000.0
,grossProfitRatio,0.711903468019322,0.65383630224706,0.69074813818576,0.642176569912358,0.661774048677898,0.746575160974059,0.763911312022387,0.812609763025212,0.751464781003518,0.616312279549317
,,,,,,,,,,,,,,,,,,,,,,,,,,,,,,,,,,,,,,,,,,,,,,,,,,,,,,,,,,,,,,,,,,,,,,,,,,,,,,,,,,,,,,,,,,,,,,,,,,,,,
COST And EXPENSES,,,,,,,,,,,,,,,,,,,,,,,,,,,,,,,,,,,,,,,,,,,,,,,,,,,,,,,,,,,,,,,,,,,,,,,,,,,,,,,,,,,,,,,,,,,,,,,,,,,,,
,ResearchAndDevelopmentExpenses,470412000.0,-113093000.0,668900000.0,684900000.0,905900000.0,695200000.0,443200000.0,217846000.0,114329000.0,79105000.0
,GeneralAndAdministrativeExpenses,400794000.0,139455000.0,2618704000.0,2063913000.0,2212450000.0,1953917000.0,876400000.0,97817000.0,34408000.0,15301000.0
,SellingAndMarketingExpenses,763806000.0,-223838000.0,-277804000.0,-13000.0,-50000.0,-17000.0,0.0,201504000.0,57167000.0,28810000.0
,otherExpenses,977000000.0,0.0,-48700000.0,-39900000.0,-87900000.0,-98400000.0,-1100000.0,2243000.0,1283000.0,537000.0
,operatingExpenses,0.0,2911010000.0,2961083000.0,2708926000.0,3030392000.0,2492456000.0,1277497000.0,517167000.0,205904000.0,123216000.0
,costAndExpenses,2089727000.0,-318129000.0,4656900000.0,4802900000.0,4718200000.0,3591700000.0,1774700000.0,657693000.0,277464000.0,176953000.0
,interestExpense,0.0,0.0,101200000.0,1003000.0,463000.0,9200000.0,8400000.0,0.0,0.0,0.0
,,,,,,,,,,,,,,,,,,,,,,,,,,,,,,,,,,,,,,,,,,,,,,,,,,,,,,,,,,,,,,,,,,,,,,,,,,,,,,,,,,,,,,,,,,,,,,,,,,,,,
EBITDA,,,,,,,,,,,,,,,,,,,,,,,,,,,,,,,,,,,,,,,,,,,,,,,,,,,,,,,,,,,,,,,,,,,,,,,,,,,,,,,,,,,,,,,,,,,,,,,,,,,,,
,depreciationAndAmortization,0.0,5370000.0,80100000.0,136300000.0,163400000.0,146800000.0,79700000.0,25880000.0,10855000.0,15037000.0
,EBITDA,-570507000.0,8543000.0,404900000.0,308200000.0,9900000.0,329000000.0,163200000.0,118098000.0,21318000.0,-21862000.0
,EBITDARatio,-0.366035058093318,0.0165774052082121,0.0812774755605516,0.0619522392860014,0.00216881722785725,0.0871777206603249,0.0878269292864062,0.157482687945636,0.0740396003153577,-0.156096934039728
,,,,,,,,,,,,,,,,,,,,,,,,,,,,,,,,,,,,,,,,,,,,,,,,,,,,,,,,,,,,,,,,,,,,,,,,,,,,,,,,,,,,,,,,,,,,,,,,,,,,,
INCOME,,,,,,,,,,,,,,,,,,,,,,,,,,,,,,,,,,,,,,,,,,,,,,,,,,,,,,,,,,,,,,,,,,,,,,,,,,,,,,,,,,,,,,,,,,,,,,,,,,,,,
,operatingIncome,-531114000.0,3173000.0,324800000.0,171900000.0,-153500000.0,182200000.0,83500000.0,92218000.0,10463000.0,-36899000.0
,operatingIncomeRatio,-0.340760663487344,0.00615710016688012,0.0651986269747275,0.0345541529307711,-0.0336276206541503,0.048278968706113,0.0449359595307287,0.122971926001886,0.0363390720564588,-0.263462664400874
,totalOtherIncomeExpensesNet,1003710000.0,3173000.0,843700000.0,1262600000.0,87800000.0,47000000.0,7200000.0,11393000.0,1033000.0,592000.0
,incomeBeforeTax,508250000.0,-52529000.0,1269700000.0,1433300000.0,-68900000.0,238400000.0,99200000.0,110688000.0,14759000.0,-32832000.0
,incomeBeforeTaxRatio,0.326091210582742,-0.101930764155703,0.254872834574543,0.288112084907936,-0.0150940916160974,0.0631707252444421,0.0533849962329136,0.147601515379825,0.0512595206423851,-0.234423865080612
,incomeTaxExpense,97090000.0,-1135000.0,117000000.0,-392000.0,-967000.0,-1503000.0,27900000.0,48670000.0,4915000.0,-2597000.0
,netIncome,416735000.0,-53664000.0,1166900000.0,1348200000.0,-80500000.0,176300000.0,68300000.0,62018000.0,9844000.0,-30235000.0
,netIncomeRatio,0.267375544795276,-0.104133193619746,0.23423730854929,0.271005869582697,-0.0176353320042938,0.0467155992474628,0.0367560004305242,0.0827004804570142,0.0341892215735238,-0.21588101732189
,,,,,,,,,,,,,,,,,,,,,,,,,,,,,,,,,,,,,,,,,,,,,,,,,,,,,,,,,,,,,,,,,,,,,,,,,,,,,,,,,,,,,,,,,,,,,,,,,,,,,
EPS,,,,,,,,,,,,,,,,,,,,,,,,,,,,,,,,,,,,,,,,,,,,,,,,,,,,,,,,,,,,,,,,,,,,,,,,,,,,,,,,,,,,,,,,,,,,,,,,,,,,,
,EPS,0.000304399117894328,-4e-05,0.81012,0.94597,-0.05803,0.12356,0.05091,0.567,0.104255,-0.276468265717907
,EPSDiluted,0.000304399117894328,-4e-05,0.81012,0.94597,-0.05803,0.12356,0.05091,0.538,0.081427,-0.266157163714473
,weightedAverageShsOut,1369041418000.0,1369041418000.0,1440400000.0,1425200000.0,1387300000.0,1426800000.0,1341700000.0,109361557.0,94422459.0,109361557.0
,weightedAverageShsOutDil,1369041418000.0,1369041418000.0,1440400000.0,1425200000.0,1387300000.0,1426800000.0,1341700000.0,113598295.0,120893799.0,113598295.0
