Date,2018-12-31,2017-12-31,2016-12-31,2015-12-31,2014-12-31,2013-12-31,2012-12-31,2011-12-31,2010-12-31,2009-12-31
Revenue,269485000.0,161673000.0,174882000.0,199068000.0,175204000.0,144125000.0,162450000.0,143421000.0,100258000.0,83338676.0
Revenue Growth,0.666852226407625,-0.0755309294266991,-0.121496172162276,0.136206935914705,0.215639202081526,-0.112803939673746,0.132679314744703,0.430519260308404,0.203018872054075,-0.2856
Cost of Revenue,242344000.0,136993000.0,146958000.0,162816000.0,145018000.0,120551000.0,136602000.0,113538000.0,83909000.0,71913360.0
Gross Profit,27141000.0,24680000.0,27924000.0,36252000.0,30186000.0,23574000.0,25848000.0,29883000.0,16349000.0,11425316.0
R&D Expenses,1032000.0,848000.0,965000.0,719000.0,475000.0,466000.0,449000.0,0.0,0.0,0.0
SG&A Expense,27838000.0,16690000.0,16379000.0,17754000.0,15539000.0,13460000.0,13358000.0,12939000.0,9932000.0,8939820.0
Operating Expenses,28870000.0,17538000.0,17344000.0,18473000.0,16014000.0,13926000.0,13807000.0,12939000.0,9932000.0,8939820.0
Operating Income,-3100000.0,7745000.0,11247000.0,18168000.0,14525000.0,6866000.0,12156000.0,16248000.0,6417000.0,2485496.0
Interest Expense,2394000.0,245000.0,298000.0,330000.0,122000.0,214000.0,334000.0,696000.0,1341000.0,951051.0
Earnings before Tax,-5446000.0,7745000.0,11247000.0,18168000.0,14525000.0,0.0,12156000.0,16248000.0,5076000.0,1534445.0
Income Tax Expense,-664000.0,2286000.0,3836000.0,6118000.0,4891000.0,3034000.0,3966000.0,5722000.0,2643000.0,427374.0
Net Income - Non-Controlling int,0.0,0.0,0.0,0.0,0.0,0.0,0.0,0.0,0.0,0.0
Net Income - Discontinued ops,0.0,0.0,0.0,0.0,0.0,0.0,0.0,0.0,0.0,0.0
Net Income,-4782000.0,5459000.0,7411000.0,12050000.0,9634000.0,6866000.0,8190000.0,10526000.0,2433000.0,1107071.0
Preferred Dividends,0.0,0.0,0.0,0.0,0.0,0.0,0.0,0.0,0.0,0.0
Net Income Com,-4782000.0,5459000.0,7411000.0,12050000.0,9634000.0,6866000.0,8190000.0,10526000.0,2433000.0,1107071.0
EPS,-0.62,0.71,0.97,1.59,1.28,0.95,1.15,1.51,0.36,0.16
EPS Diluted,-0.62,0.7,0.97,1.58,1.28,0.92,1.11,1.44,0.34,0.16
Weighted Average Shs Out,7750000.0,7690000.0,7621000.0,7583000.0,7508000.0,7220000.0,7104000.0,6954000.0,7083176.0,7001106.0
Weighted Average Shs Out (Dil),7750000.0,7747000.0,7661000.0,7623000.0,7553000.0,7435000.0,7379000.0,7300000.0,6847000.0,6772065.0
Dividend per Share,0.102193548387,0.101458629147,0.0,0.0,0.0,0.0,0.0,0.0,0.0,0.0
Gross Margin,0.100714325473,0.152653813562,0.159673379765,0.182108626198,0.172290586973,0.163566348656,0.159113573407,0.208358608572,0.1631,0.1371
EBITDA Margin,0.023318552053,0.0865017659102,0.100239018309,0.121611710571,0.111572795142,0.0814848222029,0.102671591259,0.140774363587,0.103,0.076
EBIT Margin,-0.0115034231961,0.0479053397908,0.0643119360483,0.0912652962807,0.0829033583708,0.0476392020815,0.0748291782087,0.113288848913,0.064,0.0298
Profit Margin,-0.0177449579754,0.0337656875298,0.0423771457326,0.0605320794904,0.0549873290564,0.0476392020815,0.0504155124654,0.0733923205109,0.024,0.013
Free Cash Flow margin,-0.0457502272854,0.0164096664254,0.132695188756,0.0649627263046,0.000844729572384,-0.0167562879445,0.0402585410896,0.0186095481136,0.0515,-0.0218
EBITDA,6284000.0,13985000.0,17530000.0,24209000.0,19548000.0,11744000.0,16679000.0,20190000.0,10366000.0,6341099.0
EBIT,-3100000.0,7745000.0,11247000.0,18168000.0,14525000.0,6866000.0,12156000.0,16248000.0,6417000.0,2485496.0
Consolidated Income,-4782000.0,5459000.0,7411000.0,12050000.0,9634000.0,6866000.0,8190000.0,10526000.0,2433000.0,1107071.0
Earnings Before Tax Margin,-0.0202089170084,0.0479053397908,0.0643119360483,0.0912652962807,0.0829033583708,0.0,0.0748291782087,0.113288848913,0.0506,0.0184
Net Profit Margin,-0.0177449579754,0.0337656875298,0.0423771457326,0.0605320794904,0.0549873290564,0.0476392020815,0.0504155124654,0.0733923205109,0.0243,0.0133
