Date,2018-12-31,2017-12-31,2016-12-31,2015-12-31,2014-12-31,2013-12-31,2012-12-31,2011-12-31,2010-12-31,2009-12-31
Revenue,107474000.0,100378000.0,88929000.0,85752000.0,79456000.0,76865000.0,73669000.0,66989000.0,62190000.0,57722000.0
Revenue Growth,0.0707,0.1287,0.037,0.0792,0.0337,0.0434,0.0997,0.0772,0.0774,0.0625
Cost of Revenue,0.0,0.0,0.0,0.0,0.0,0.0,0.0,0.0,0.0,0.0
Gross Profit,107474000.0,100378000.0,88929000.0,85752000.0,79456000.0,76865000.0,73669000.0,66989000.0,62190000.0,57722000.0
R&D Expenses,0.0,0.0,0.0,0.0,0.0,0.0,0.0,0.0,0.0,0.0
SG&A Expense,51934000.0,49549000.0,47508000.0,47338000.0,42928000.0,42542000.0,39893000.0,36276000.0,34567000.0,33395000.0
Operating Expenses,69693000.0,67119000.0,64757000.0,62198000.0,56730000.0,55812000.0,53238000.0,48742000.0,47372000.0,46379000.0
Operating Income,37781000.0,33259000.0,24172000.0,23554000.0,22726000.0,21053000.0,20431000.0,18247000.0,14818000.0,11343000.0
Interest Expense,0.0,0.0,0.0,0.0,0.0,0.0,0.0,0.0,0.0,0.0
Earnings before Tax,37781000.0,33259000.0,24172000.0,23554000.0,22726000.0,21053000.0,20431000.0,18247000.0,14818000.0,11343000.0
Income Tax Expense,1568000.0,10958000.0,-362000.0,533000.0,866000.0,1007000.0,1392000.0,1554000.0,1244000.0,1183000.0
Net Income - Non-Controlling int,0.0,0.0,0.0,0.0,0.0,0.0,0.0,0.0,0.0,0.0
Net Income - Discontinued ops,0.0,0.0,0.0,0.0,0.0,0.0,0.0,0.0,0.0,0.0
Net Income,36213000.0,22301000.0,24534000.0,23021000.0,21860000.0,20046000.0,19039000.0,16693000.0,13574000.0,10160000.0
Preferred Dividends,0.0,0.0,0.0,0.0,0.0,0.0,0.0,0.0,0.0,0.0
Net Income Com,36213000.0,22301000.0,24534000.0,23021000.0,21860000.0,20046000.0,19039000.0,16693000.0,13574000.0,10160000.0
EPS,7.89,4.86,5.35,5.02,4.78,4.39,4.18,3.68,3.0,1.84
EPS Diluted,6.5,4.01,4.41,4.13,3.93,3.61,3.43,3.01,2.45,1.84
Weighted Average Shs Out,5567909.0,5567909.0,5567909.0,5567909.0,5567909.0,5556584.0,5549809.0,5540597.0,5537047.0,5530297.0
Weighted Average Shs Out (Dil),5567909.0,5567909.0,5567909.0,5567909.0,5560762.0,5556538.0,5548167.0,5540644.0,5533506.0,5532249.0
Dividend per Share,0.48,0.48,0.48,0.48,0.48,0.48,0.48,0.48,0.48,0.48
Gross Margin,1.0,1.0,1.0,1.0,1.0,1.0,1.0,1.0,1.0,1.0
EBITDA Margin,0.36,0.362,0.312,0.313,0.323,0.344,0.365,0.355,0.318,0.301
EBIT Margin,0.3515,0.3313,0.2718,0.2747,0.286,0.2739,0.2773,0.2724,0.2383,0.1965
Profit Margin,0.337,0.222,0.276,0.268,0.275,0.261,0.258,0.249,0.218,0.176
Free Cash Flow margin,0.346,0.1828,0.222,0.098,0.2428,0.2495,0.2826,0.2408,0.2874,0.1196
EBITDA,38666000.0,36306000.0,27733000.0,26850000.0,25663000.0,26411000.0,26876000.0,23805000.0,19773000.0,17378000.0
EBIT,37781000.0,33259000.0,24172000.0,23554000.0,22726000.0,21053000.0,20431000.0,18247000.0,14818000.0,11343000.0
Consolidated Income,36213000.0,22301000.0,24534000.0,23021000.0,21860000.0,20046000.0,19039000.0,16693000.0,13574000.0,10160000.0
Earnings Before Tax Margin,0.3515,0.3313,0.2718,0.2747,0.286,0.2739,0.2773,0.2724,0.2383,0.1965
Net Profit Margin,0.3369,0.2222,0.2759,0.2685,0.2751,0.2608,0.2584,0.2492,0.2183,0.176
