date,,2020-12-31_FY,2019-12-31_FY,2018-12-31_FY,2017-12-31_FY,2016-12-31_FY,2015-12-31_FY,2014-12-31_FY,2013-12-31_FY,2012-12-31_FY,2011-12-31_FY,2010-12-31_FY,2009-12-31_FY,2008-12-31_FY,2007-12-31_FY,2006-12-31_FY,2005-12-31_FY,2004-12-31_FY,2003-12-31_FY,2002-12-31_FY
,revenue,686310000.0,3283099000.0,3221735000.0,2991547000.0,2918765000.0,2852609000.0,2626990000.0,2682894000.0,2473531000.0,2279613000.0,2141144000.0,1976500000.0,1742287000.0,1682841000.0,1220594000.0,1020597000.0,790617000.0,950872000.0,935854000.0
,costOfRevenue,235457000.0,1210273000.0,1180729000.0,1132830000.0,1117124000.0,1120860000.0,1015037000.0,1055226000.0,968578000.0,910728000.0,1122899000.0,1038857000.0,698866000.0,1248090000.0,889805000.0,763973000.0,0.0,0.0,0.0
,grossProfit,450853000.0,2072826000.0,2041006000.0,1858717000.0,1801641000.0,1731749000.0,1611953000.0,1627668000.0,1504953000.0,1368885000.0,1018245000.0,937643000.0,1043421000.0,434751000.0,330789000.0,256624000.0,0.0,0.0,0.0
,grossProfitRatio,0.656923256254462,0.6313626241548,0.633511446472165,0.621323014480468,0.617261410219733,0.607075487737717,0.613612156879166,0.606683678147553,0.608422938705842,0.600490083185172,0.475561195323621,0.474395648874273,0.59888009265982,0.258343479865299,0.271006575487017,0.251444987590596,0.0,0.0,0.0
,,,,,,,,,,,,,,,,,,,,,,,,,,,,,,,,,,,,,,,,,,,,,,,,,,,,,,,,,,,,,,,,,,,,,,,,,,,,,,,,,,,,,,,,,,,,,,,,,,,,,
COST And EXPENSES,,,,,,,,,,,,,,,,,,,,,,,,,,,,,,,,,,,,,,,,,,,,,,,,,,,,,,,,,,,,,,,,,,,,,,,,,,,,,,,,,,,,,,,,,,,,,,,,,,,,,
,ResearchAndDevelopmentExpenses,0.0,0.0,0.0,0.0,0.0,0.0,0.0,0.0,0.0,0.0,0.0,0.0,0.0,0.0,0.0,0.0,0.0,0.0,0.0
,GeneralAndAdministrativeExpenses,781899000.0,1404275000.0,1320419000.0,1191026000.0,1146340000.0,1102447000.0,1050865000.0,1048258000.0,958377000.0,890077000.0,569761000.0,522594000.0,0.0,0.0,0.0,0.0,0.0,0.0,0.0
,SellingAndMarketingExpenses,0.0,0.0,0.0,0.0,0.0,0.0,0.0,0.0,0.0,0.0,0.0,0.0,0.0,0.0,0.0,0.0,0.0,0.0,0.0
,otherExpenses,0.0,0.0,0.0,0.0,0.0,36834000.0,22150000.0,24688000.0,21568000.0,0.0,0.0,0.0,0.0,0.0,0.0,0.0,0.0,0.0,0.0
,operatingExpenses,1041675000.0,1665430000.0,1581581000.0,1428539000.0,1355411000.0,1291653000.0,1226521000.0,1212228000.0,1106052000.0,1044526000.0,712838000.0,675311000.0,983201000.0,321791000.0,203420000.0,193123000.0,0.0,44286000.0,0.0
,costAndExpenses,1277132000.0,2875703000.0,2762310000.0,2561369000.0,2472535000.0,2412513000.0,2241558000.0,2267454000.0,2074630000.0,1955254000.0,1835737000.0,1714168000.0,1682067000.0,1569881000.0,1093225000.0,957096000.0,0.0,44286000.0,0.0
,interestExpense,153466000.0,128565000.0,129718000.0,105918000.0,108313000.0,112741000.0,113698000.0,124714000.0,123665000.0,123102000.0,112444000.0,102505000.0,0.0,0.0,0.0,0.0,0.0,0.0,0.0
,,,,,,,,,,,,,,,,,,,,,,,,,,,,,,,,,,,,,,,,,,,,,,,,,,,,,,,,,,,,,,,,,,,,,,,,,,,,,,,,,,,,,,,,,,,,,,,,,,,,,
EBITDA,,,,,,,,,,,,,,,,,,,,,,,,,,,,,,,,,,,,,,,,,,,,,,,,,,,,,,,,,,,,,,,,,,,,,,,,,,,,,,,,,,,,,,,,,,,,,,,,,,,,,
,depreciationAndAmortization,259776000.0,261155000.0,261162000.0,237513000.0,209071000.0,189206000.0,175656000.0,163970000.0,147675000.0,154449000.0,143508000.0,149515000.0,158034000.0,151716000.0,102812000.0,88866000.0,0.0,0.0,0.0
,EBITDA,-331046000.0,668551000.0,720587000.0,667691000.0,655301000.0,629302000.0,561088000.0,579410000.0,546576000.0,478808000.0,448915000.0,411847000.0,218254000.0,264676000.0,230181000.0,152367000.0,790617000.0,906586000.0,935854000.0
,EBITDARatio,-0.482356369570602,0.203634127390006,0.223664267855674,0.223192548871871,0.224513107427285,0.220605768263369,0.21358589107686,0.215964551711696,0.220969941351048,0.210039160155693,0.209661283874415,0.208371869466228,0.125268684206448,0.15727926761946,0.188581133448141,0.149292032016555,1.0,0.953425908008649,1.0
,,,,,,,,,,,,,,,,,,,,,,,,,,,,,,,,,,,,,,,,,,,,,,,,,,,,,,,,,,,,,,,,,,,,,,,,,,,,,,,,,,,,,,,,,,,,,,,,,,,,,
INCOME,,,,,,,,,,,,,,,,,,,,,,,,,,,,,,,,,,,,,,,,,,,,,,,,,,,,,,,,,,,,,,,,,,,,,,,,,,,,,,,,,,,,,,,,,,,,,,,,,,,,,
,operatingIncome,-590822000.0,407396000.0,459425000.0,430178000.0,446230000.0,440096000.0,385432000.0,415440000.0,398901000.0,324359000.0,305407000.0,262332000.0,60220000.0,112960000.0,127369000.0,63501000.0,790617000.0,906586000.0,935854000.0
,operatingIncomeRatio,-0.860867537993035,0.124088856290962,0.142601734779552,0.143797841050132,0.152883154347815,0.154278416705549,0.146720010354055,0.154847712954742,0.161267839376179,0.142286870622338,0.142637300433787,0.132725524917784,0.0345637659007959,0.0671245827740113,0.104350013190299,0.0622194656656839,1.0,0.953425908008649,1.0
,totalOtherIncomeExpensesNet,-187872000.0,-17660000.0,-29587000.0,14868000.0,16333000.0,11604000.0,12730000.0,-30484000.0,15209000.0,-3733000.0,8433000.0,-12765000.0,-102822000.0,125490000.0,-46268000.0,-57208000.0,0.0,0.0,0.0
,incomeBeforeTax,-927324000.0,273760000.0,310734000.0,345377000.0,360646000.0,347667000.0,290063000.0,263864000.0,296818000.0,205632000.0,207501000.0,145601000.0,-27270000.0,200882000.0,13526000.0,-16000000.0,0.0,47389000.0,0.0
,incomeBeforeTaxRatio,-1.35117366787603,0.0833846314107494,0.0964492734504855,0.115450969013691,0.123561163711364,0.121876850279867,0.110416484265262,0.0983505125435444,0.119997687516348,0.0902047847595184,0.0969112773358541,0.0736660763976727,-0.0156518415163518,0.11937075457515,0.0110814898319998,-0.0156770987960968,0.0,0.0498374123962005,0.0
,incomeTaxExpense,-309376000.0,79912000.0,95429000.0,79358000.0,103819000.0,128939000.0,96064000.0,113316000.0,125398000.0,73050000.0,57838000.0,44845000.0,21055000.0,111962000.0,12685000.0,9408000.0,0.0,0.0,0.0
,netIncome,-616828000.0,191386000.0,213827000.0,264180000.0,255091000.0,216869000.0,192610000.0,148470000.0,168949000.0,130557000.0,146120000.0,97108000.0,-48325000.0,88920000.0,841000.0,-25408000.0,-3687000.0,44649000.0,35476000.0
,netIncomeRatio,-0.898760035552447,0.0582943127819173,0.0663701390710285,0.0883088248321019,0.0873968956048192,0.076024789937913,0.0733196548140648,0.0553394953360066,0.0683027623264071,0.0572715631995431,0.0682438920502311,0.0491312926890969,-0.027736532500099,0.0528392165391739,0.000689008794078948,-0.0248952328882017,-0.00466344639692797,0.0469558468437392,0.0379076223428013
,,,,,,,,,,,,,,,,,,,,,,,,,,,,,,,,,,,,,,,,,,,,,,,,,,,,,,,,,,,,,,,,,,,,,,,,,,,,,,,,,,,,,,,,,,,,,,,,,,,,,
EPS,,,,,,,,,,,,,,,,,,,,,,,,,,,,,,,,,,,,,,,,,,,,,,,,,,,,,,,,,,,,,,,,,,,,,,,,,,,,,,,,,,,,,,,,,,,,,,,,,,,,,
,EPS,-5.25341268101946,1.63,1.83,2.26,2.20842712193095,1.87,1.66,1.28,1.47,1.15,1.3,0.89,-0.45,0.87,0.01,-0.91,-0.13,0.37,0.3
,EPSDiluted,-5.25341268101946,1.63,1.83,2.26,2.20318181425598,1.87,1.66,1.28,1.47,1.14,1.29,0.87,-0.45,0.85,0.01,-0.91,-0.13,0.37,0.3
,weightedAverageShsOut,117414724.0,117414724.0,116845355.0,116059000.0,115508000.0,115399000.0,114966000.0,114396000.0,113824000.0,113527826.0,111565000.0,108563000.0,107341000.0,102206897.0,84100000.0,27784000.0,27675000.0,120672973.0,118253333.0
,weightedAverageShsOutDil,117414724.0,117414724.0,116845355.0,116059000.0,115783000.0,115399000.0,114966000.0,114396000.0,113824000.0,113527826.0,112151000.0,110255000.0,107341000.0,104611765.0,84100000.0,27784000.0,27675000.0,120672973.0,118253333.0
