Date,2018-12-31,2017-12-31,2016-12-31,2015-12-31,2014-12-31,2013-12-31,2012-12-31,2011-12-31,2010-12-31,2009-12-31
Revenue,141854000.0,147273000.0,101365000.0,115721000.0,82214000.0,52687000.0,50381000.0,44780000.0,31325000.0,27774000.0
Revenue Growth,-0.0368,0.4529,-0.1241,0.4076,0.5604,0.0458,0.1251,0.4295,0.1279,0.0332
Cost of Revenue,0.0,0.0,0.0,0.0,0.0,0.0,0.0,0.0,0.0,0.0
Gross Profit,141854000.0,147273000.0,101365000.0,115721000.0,82214000.0,52687000.0,50381000.0,44780000.0,31325000.0,27774000.0
R&D Expenses,0.0,0.0,0.0,0.0,0.0,0.0,0.0,0.0,0.0,0.0
SG&A Expense,56837000.0,51443000.0,47457000.0,42773000.0,28875000.0,19820000.0,18240000.0,17441000.0,17017000.0,16194000.0
Operating Expenses,70720000.0,78759000.0,58507000.0,52087000.0,50254000.0,25278000.0,25197000.0,23443000.0,24099000.0,23057000.0
Operating Income,71134000.0,68514000.0,42858000.0,63634000.0,31960000.0,27409000.0,25184000.0,21337000.0,7226000.0,4717000.0
Interest Expense,0.0,0.0,0.0,0.0,0.0,0.0,0.0,0.0,0.0,0.0
Earnings before Tax,71134000.0,68514000.0,42858000.0,61237000.0,27410000.0,27409000.0,25184000.0,21337000.0,7226000.0,4717000.0
Income Tax Expense,10782000.0,25294000.0,11776000.0,19926000.0,8845000.0,7484000.0,7677000.0,7411000.0,222000.0,946000.0
Net Income - Non-Controlling int,0.0,0.0,0.0,0.0,0.0,0.0,0.0,0.0,0.0,0.0
Net Income - Discontinued ops,0.0,0.0,0.0,0.0,0.0,0.0,0.0,0.0,0.0,0.0
Net Income,60352000.0,43220000.0,31082000.0,41311000.0,18565000.0,19925000.0,17507000.0,13926000.0,7004000.0,3771000.0
Preferred Dividends,0.0,0.0,22000.0,112000.0,112000.0,141000.0,281000.0,820000.0,581000.0,567000.0
Net Income Com,60352000.0,43220000.0,31060000.0,41199000.0,18453000.0,19784000.0,17226000.0,13106000.0,6423000.0,3204000.0
EPS,1.87,1.35,1.02,1.37,0.8,1.21,1.05,0.8,0.43,0.24
EPS Diluted,1.86,1.34,1.01,1.36,0.79,1.21,1.05,0.8,0.43,0.24
Weighted Average Shs Out,32239928.0,32015317.0,30265407.0,30084744.0,29665075.0,16369012.0,16347088.0,16290700.0,16289832.0,14572029.0
Weighted Average Shs Out (Dil),32239928.0,32015317.0,30265407.0,29938458.0,23029813.0,16349204.0,16340197.0,16295761.0,15025870.0,13382614.0
Dividend per Share,0.3,0.3,0.3,0.3,0.3,0.26,0.17,0.12,0.12,0.24
Gross Margin,1.0,1.0,1.0,1.0,1.0,1.0,1.0,1.0,1.0,1.0
EBITDA Margin,0.527,0.492,0.458,0.557,0.358,0.537,0.518,0.498,0.268,0.222
EBIT Margin,0.5015,0.4652,0.4228,0.5292,0.3334,0.5202,0.4999,0.4765,0.2307,0.1698
Profit Margin,0.425,0.293,0.306,0.356,0.224,0.376,0.342,0.293,0.205,0.115
Free Cash Flow margin,0.6248,0.8724,0.4682,0.366,0.2822,0.421,0.4014,0.3968,0.5538,0.2685
EBITDA,74823000.0,72389000.0,46382000.0,64463000.0,29455000.0,28295000.0,26098000.0,22320000.0,8391000.0,6168000.0
EBIT,71134000.0,68514000.0,42858000.0,61237000.0,27410000.0,27409000.0,25184000.0,21337000.0,7226000.0,4717000.0
Consolidated Income,60352000.0,43220000.0,31082000.0,41311000.0,18565000.0,19925000.0,17507000.0,13926000.0,7004000.0,3771000.0
Earnings Before Tax Margin,0.5015,0.4652,0.4228,0.5292,0.3334,0.5202,0.4999,0.4765,0.2307,0.1698
Net Profit Margin,0.4255,0.2935,0.3066,0.357,0.2258,0.3782,0.3475,0.311,0.2236,0.1358
