date,,2020-12-26_FY,2019-12-28_FY,2018-12-29_FY,2017-12-30_FY,2016-12-31_FY,2015-12-26_FY,2014-12-27_FY,2013-12-28_FY,2012-12-29_FY,2011-12-31_FY,2010-12-25_FY,2009-12-26_FY,2008-12-27_FY,2007-12-29_FY,2006-12-30_FY,2005-12-31_FY,2004-12-31_FY,2003-12-31_FY,2002-12-31_FY,2001-12-31_FY,2000-12-31_FY,1999-12-31_FY,1998-12-31_FY,1997-12-31_FY,1996-12-31_FY,1995-12-31_FY,1994-12-31_FY,1993-12-31_FY,1992-12-31_FY,1991-12-31_FY,1990-12-31_FY,1989-12-31_FY,1988-12-31_FY,1987-12-31_FY,1986-12-31_FY,1985-12-31_FY
,revenue,636007000.0,583329000.0,451768000.0,352704000.0,282084000.0,269654000.0,316629000.0,247300000.0,221200000.0,308968000.0,322700000.0,171300000.0,199700000.0,241400000.0,270100000.0,238902000.0,176237000.0,138566000.0,134720000.0,126550000.0,289564000.0,208800000.0,171500000.0,187800000.0,159400000.0,178800000.0,102700000.0,75300000.0,54400000.0,48200000.0,43900000.0,35300000.0,33600000.0,29800000.0,28800000.0,30400000.0
,costOfRevenue,364225000.0,353500000.0,292460000.0,209297000.0,187256000.0,180616000.0,210657000.0,176800000.0,153200000.0,208839000.0,212700000.0,118900000.0,134700000.0,162600000.0,177200000.0,143371000.0,105178000.0,91662000.0,85047000.0,93594000.0,173376000.0,123400000.0,113600000.0,103800000.0,86900000.0,103200000.0,61300000.0,45500000.0,36700000.0,33200000.0,29700000.0,22000000.0,20300000.0,18000000.0,18200000.0,20400000.0
,grossProfit,271782000.0,229829000.0,159308000.0,143407000.0,94828000.0,89038000.0,105972000.0,70500000.0,68000000.0,100129000.0,110000000.0,52400000.0,65000000.0,78800000.0,92900000.0,95531000.0,71059000.0,46904000.0,49673000.0,32956000.0,116188000.0,85400000.0,57900000.0,84000000.0,72500000.0,75600000.0,41400000.0,29800000.0,17700000.0,15000000.0,14200000.0,13300000.0,13300000.0,11800000.0,10600000.0,10000000.0
,grossProfitRatio,0.427325485411324,0.393995498252273,0.352632324555967,0.406593063872255,0.336169367989677,0.330193507235198,0.334688231336991,0.28507885159725,0.307414104882459,0.324075632427954,0.340873876665634,0.305896088733217,0.325488232348523,0.326429163214582,0.34394668641244,0.399875262660003,0.403201370881257,0.338495734884459,0.368712885985748,0.260418806795733,0.401251536793248,0.409003831417625,0.337609329446064,0.447284345047923,0.454830614805521,0.422818791946309,0.403115871470302,0.395750332005312,0.325367647058824,0.311203319502075,0.323462414578588,0.376770538243626,0.395833333333333,0.395973154362416,0.368055555555556,0.328947368421053
,,,,,,,,,,,,,,,,,,,,,,,,,,,,,,,,,,,,,,,,,,,,,,,,,,,,,,,,,,,,,,,,,,,,,,,,,,,,,,,,,,,,,,,,,,,,,,,,,,,,,
COST And EXPENSES,,,,,,,,,,,,,,,,,,,,,,,,,,,,,,,,,,,,,,,,,,,,,,,,,,,,,,,,,,,,,,,,,,,,,,,,,,,,,,,,,,,,,,,,,,,,,,,,,,,,,
,ResearchAndDevelopmentExpenses,86151000.0,86147000.0,56434000.0,40737000.0,34841000.0,33107000.0,36018000.0,48600000.0,36200000.0,36230000.0,36200000.0,32000000.0,38100000.0,38300000.0,39100000.0,29787000.0,27895000.0,24724000.0,32465000.0,29674000.0,32562000.0,20500000.0,20400000.0,17500000.0,0.0,0.0,0.0,0.0,0.0,0.0,0.0,0.0,0.0,0.0,0.0,0.0
,GeneralAndAdministrativeExpenses,129248000.0,142936000.0,96754000.0,60737000.0,54322000.0,51170000.0,50551000.0,57700000.0,45900000.0,46563000.0,44100000.0,35500000.0,36600000.0,36200000.0,37100000.0,35285000.0,29124000.0,25154000.0,24033000.0,24972000.0,29734000.0,26900000.0,22100000.0,21400000.0,33900000.0,35400000.0,23500000.0,17800000.0,10900000.0,10100000.0,9300000.0,8900000.0,8600000.0,8100000.0,7800000.0,8000000.0
,SellingAndMarketingExpenses,0.0,0.0,0.0,0.0,0.0,0.0,0.0,0.0,0.0,0.0,0.0,0.0,0.0,0.0,0.0,0.0,0.0,0.0,0.0,0.0,0.0,0.0,0.0,0.0,0.0,0.0,0.0,0.0,0.0,0.0,0.0,0.0,0.0,0.0,0.0,0.0
,otherExpenses,0.0,0.0,0.0,0.0,0.0,0.0,0.0,0.0,0.0,0.0,0.0,0.0,0.0,0.0,0.0,0.0,0.0,0.0,0.0,0.0,0.0,0.0,0.0,0.0,0.0,0.0,0.0,0.0,0.0,0.0,0.0,0.0,0.0,0.0,0.0,0.0
,operatingExpenses,215399000.0,282157000.0,189089000.0,105682000.0,89163000.0,81079000.0,86569000.0,106300000.0,82000000.0,82793000.0,80300000.0,67500000.0,77300000.0,74500000.0,73200000.0,65072000.0,57019000.0,49878000.0,56498000.0,46900000.0,65881000.0,50700000.0,45300000.0,41000000.0,35600000.0,37300000.0,24700000.0,18800000.0,11800000.0,10900000.0,10000000.0,9600000.0,9300000.0,8700000.0,8500000.0,8500000.0
,costAndExpenses,579624000.0,635657000.0,481549000.0,314979000.0,276419000.0,261695000.0,297226000.0,283100000.0,235200000.0,291632000.0,293000000.0,186400000.0,212000000.0,237100000.0,250400000.0,208443000.0,162197000.0,141540000.0,141545000.0,140494000.0,239257000.0,174100000.0,158900000.0,144800000.0,122500000.0,140500000.0,86000000.0,64300000.0,48500000.0,44100000.0,39700000.0,31600000.0,29600000.0,26700000.0,26700000.0,28900000.0
,interestExpense,13759000.0,20556000.0,4977000.0,-2360000.0,0.0,44000.0,30000.0,100000.0,0.0,0.0,0.0,0.0,-400000.0,0.0,0.0,0.0,0.0,0.0,0.0,0.0,0.0,0.0,0.0,0.0,0.0,0.0,0.0,0.0,0.0,0.0,0.0,0.0,0.0,0.0,0.0,0.0
,,,,,,,,,,,,,,,,,,,,,,,,,,,,,,,,,,,,,,,,,,,,,,,,,,,,,,,,,,,,,,,,,,,,,,,,,,,,,,,,,,,,,,,,,,,,,,,,,,,,,
EBITDA,,,,,,,,,,,,,,,,,,,,,,,,,,,,,,,,,,,,,,,,,,,,,,,,,,,,,,,,,,,,,,,,,,,,,,,,,,,,,,,,,,,,,,,,,,,,,,,,,,,,,
,depreciationAndAmortization,52746000.0,58871000.0,26047000.0,9195000.0,10412000.0,11273000.0,13528000.0,13470000.0,9400000.0,10067000.0,10990000.0,11030000.0,6940000.0,7440000.0,6480000.0,5775000.0,4349000.0,3996000.0,4634000.0,4623000.0,3585000.0,3300000.0,2800000.0,2100000.0,1700000.0,1900000.0,1200000.0,1000000.0,900000.0,800000.0,700000.0,700000.0,700000.0,600000.0,700000.0,500000.0
,EBITDA,56006000.0,6543000.0,-3734000.0,46920000.0,16077000.0,19232000.0,32931000.0,-22330000.0,-4700000.0,27403000.0,40690000.0,-4070000.0,-5360000.0,11740000.0,26180000.0,36234000.0,18389000.0,1022000.0,-2191000.0,-9321000.0,53892000.0,38000000.0,15400000.0,45100000.0,38600000.0,40200000.0,17900000.0,12000000.0,6800000.0,4900000.0,4900000.0,4400000.0,4700000.0,3700000.0,2800000.0,2000000.0
,EBITDARatio,0.0880587792272727,0.0112166547522924,-0.00826530431548937,0.133029395753947,0.0569936614625431,0.0713210262039502,0.104005002700321,-0.0902951880307319,-0.02124773960217,0.088692032831879,0.126092345832042,-0.0237594862813777,-0.0268402603905859,0.0486329743164872,0.0969270640503517,0.151668885149559,0.104342447953608,0.00737554667090051,-0.0162633610451306,-0.0736546819438957,0.186114295976019,0.181992337164751,0.0897959183673469,0.240149094781683,0.242158092848181,0.224832214765101,0.17429406037001,0.159362549800797,0.125,0.101659751037344,0.111617312072893,0.124645892351275,0.139880952380952,0.124161073825503,0.0972222222222222,0.0657894736842105
,,,,,,,,,,,,,,,,,,,,,,,,,,,,,,,,,,,,,,,,,,,,,,,,,,,,,,,,,,,,,,,,,,,,,,,,,,,,,,,,,,,,,,,,,,,,,,,,,,,,,
INCOME,,,,,,,,,,,,,,,,,,,,,,,,,,,,,,,,,,,,,,,,,,,,,,,,,,,,,,,,,,,,,,,,,,,,,,,,,,,,,,,,,,,,,,,,,,,,,,,,,,,,,
,operatingIncome,3260000.0,-52328000.0,-29781000.0,37725000.0,5665000.0,7959000.0,19403000.0,-35800000.0,-14100000.0,17336000.0,29700000.0,-15100000.0,-12300000.0,4300000.0,19700000.0,30459000.0,14040000.0,-2974000.0,-6825000.0,-13944000.0,50307000.0,34700000.0,12600000.0,43000000.0,36900000.0,38300000.0,16700000.0,11000000.0,5900000.0,4100000.0,4200000.0,3700000.0,4000000.0,3100000.0,2100000.0,1500000.0
,operatingIncomeRatio,0.00512572974825749,-0.0897058092431544,-0.0659210037010147,0.106959376701143,0.0200826704102324,0.0295156014744821,0.0612799206642474,-0.144763445208249,-0.0637432188065099,0.0561093705497009,0.0920359466997211,-0.0881494454173964,-0.0615923885828743,0.0178127589063795,0.0729359496482784,0.127495793254138,0.0796654505013136,-0.0214626964767692,-0.0506606294536817,-0.110185697352825,0.17373361329447,0.166187739463602,0.073469387755102,0.228966986155485,0.231493099121706,0.21420581655481,0.162609542356378,0.146082337317397,0.108455882352941,0.0850622406639004,0.0956719817767654,0.104815864022663,0.119047619047619,0.104026845637584,0.0729166666666667,0.0493421052631579
,totalOtherIncomeExpensesNet,0.0,0.0,0.0,0.0,0.0,0.0,0.0,0.0,1000000.0,0.0,600000.0,1300000.0,5800000.0,8400000.0,6700000.0,0.0,0.0,5373000.0,0.0,5696000.0,0.0,0.0,3500000.0,3000000.0,2000000.0,700000.0,100000.0,0.0,0.0,200000.0,100000.0,200000.0,100000.0,0.0,-1100000.0,200000.0
,incomeBeforeTax,-13135000.0,-72077000.0,-31912000.0,35365000.0,6007000.0,8003000.0,19433000.0,-35700000.0,-13100000.0,17778000.0,30200000.0,-13800000.0,-6800000.0,12700000.0,26400000.0,34374000.0,15903000.0,4653000.0,-3578000.0,-11567000.0,56038000.0,38900000.0,16000000.0,45900000.0,38800000.0,38900000.0,16600000.0,11000000.0,5800000.0,4200000.0,4300000.0,3900000.0,4100000.0,3100000.0,700000.0,1600000.0
,incomeBeforeTaxRatio,-0.0206522884182092,-0.123561489313921,-0.0706380265977227,0.100268213572854,0.0212950752258193,0.0296787735394246,0.0613746687763913,-0.144359078042863,-0.0592224231464738,0.0575399394112012,0.0935853734118376,-0.0805604203152364,-0.0340510766149224,0.0526097763048882,0.097741577193632,0.143883265941683,0.0902364429716802,0.0335796660075343,-0.0265587885985748,-0.0914026076649546,0.193525438245086,0.186302681992337,0.0932944606413994,0.244408945686901,0.243412797992472,0.217561521252796,0.161635832521908,0.146082337317397,0.106617647058824,0.0871369294605809,0.0979498861047836,0.110481586402266,0.12202380952381,0.104026845637584,0.0243055555555556,0.0526315789473684
,incomeTaxExpense,666000.0,-3082000.0,631000.0,2244000.0,2747000.0,2211000.0,3293000.0,-2328000.0,-874000.0,2059000.0,5594000.0,14373000.0,-1379000.0,4667000.0,7800000.0,400000.0,-800000.0,4700000.0,-2700000.0,-5100000.0,19000000.0,13000000.0,4400000.0,16700000.0,14600000.0,15300000.0,6500000.0,4200000.0,2300000.0,1600000.0,1600000.0,1400000.0,1400000.0,1200000.0,200000.0,500000.0
,netIncome,-13801000.0,-69700000.0,-32181000.0,32843000.0,3039000.0,250000.0,8708000.0,-33400000.0,-12200000.0,15719000.0,24600000.0,-28200000.0,-5400000.0,8000000.0,17700000.0,33974000.0,16703000.0,-47000.0,-878000.0,-6467000.0,33739000.0,25900000.0,11600000.0,29200000.0,24200000.0,23600000.0,10100000.0,6800000.0,3100000.0,2600000.0,2700000.0,2500000.0,2700000.0,1900000.0,500000.0,1100000.0
,netIncomeRatio,-0.0216994467042029,-0.119486601900471,-0.071233464964318,0.093117741789149,0.0107733866507849,0.000927114005355011,0.0275022186849594,-0.135058633238981,-0.0551537070524412,0.0508758188550271,0.0762317942361326,-0.164623467600701,-0.0270405608412619,0.0331400165700083,0.0655312847093669,0.142208939230312,0.0947757848805869,-0.00033918854553065,-0.00651722090261283,-0.0511023310944291,0.11651655592546,0.12404214559387,0.0676384839650146,0.155484558040469,0.151819322459222,0.131991051454139,0.0983446932814021,0.0903054448871182,0.0569852941176471,0.0539419087136929,0.061503416856492,0.0708215297450425,0.0803571428571429,0.063758389261745,0.0173611111111111,0.0361842105263158
,,,,,,,,,,,,,,,,,,,,,,,,,,,,,,,,,,,,,,,,,,,,,,,,,,,,,,,,,,,,,,,,,,,,,,,,,,,,,,,,,,,,,,,,,,,,,,,,,,,,,
EPS,,,,,,,,,,,,,,,,,,,,,,,,,,,,,,,,,,,,,,,,,,,,,,,,,,,,,,,,,,,,,,,,,,,,,,,,,,,,,,,,,,,,,,,,,,,,,,,,,,,,,
,EPS,-0.329741482295599,-1.69343,-1.01275,1.13581,0.113995273641172,0.00933,0.33485,-1.34137,-0.49796,0.65,1.02075,-1.20513,-0.23276,0.34335,0.77293,1.55,0.78,-0.0022221171575812,-0.04,-0.32,1.67,1.31,0.6,1.545,1.25,1.23,0.15,0.105,0.02375,0.02125,0.02125,0.02,0.0225,0.01625,0.005,0.01
,EPSDiluted,-0.329741482295599,-1.69343,-1.01275,1.13581,0.110589519650655,0.00933,0.33485,-1.34137,-0.49796,0.64,1.02075,-1.20513,-0.23276,0.34335,0.77293,1.5,0.76,-0.0022221171575812,-0.04,-0.32,1.6,1.26,0.585,1.465,1.25,1.23,0.145,0.1025,0.02375,0.02125,0.02125,0.02,0.0225,0.01625,0.005,0.01
,weightedAverageShsOut,41854000.0,41159000.0,31776000.0,28916000.0,26659000.0,26788000.0,26006000.0,24900000.0,24500000.0,24134000.0,24100000.0,23400000.0,23200000.0,23300000.0,22900000.0,21902000.0,21505000.0,21151000.0,20752000.0,20434000.0,20197000.0,19763000.0,19452000.0,18874000.0,19354000.0,19168000.0,17620000.0,16212000.0,16048000.0,15856000.0,15696000.0,15624000.0,15168000.0,14576000.0,14568000.0,14392000.0
,weightedAverageShsOutDil,41854000.0,41159000.0,31776000.0,28916000.0,27480000.0,26788000.0,26006000.0,24900000.0,24500000.0,24501000.0,24100000.0,23400000.0,23200000.0,23300000.0,22900000.0,22585000.0,21986000.0,21151000.0,20752000.0,20434000.0,21048000.0,20502000.0,19940000.0,19900000.0,19354000.0,19168000.0,17620000.0,16212000.0,16048000.0,15856000.0,15696000.0,15624000.0,15168000.0,14576000.0,14568000.0,14392000.0
