date,,2020-12-31_FY,2019-12-31_FY,2018-12-31_FY,2017-12-31_FY,2016-12-31_FY,2015-12-31_FY,2014-12-31_FY,2013-12-31_FY,2012-12-31_FY,2011-12-31_FY,2010-12-31_FY,2009-12-31_FY
,revenue,1033500000.0,981300000.0,821400000.0,672000000.0,529100000.0,399300000.0,330900000.0,263500000.0,220800000.0,181700000.0,127500000.0,74100000.0
,costOfRevenue,411600000.0,383400000.0,292400000.0,235100000.0,187500000.0,148700000.0,124500000.0,93200000.0,76000000.0,58200000.0,43900000.0,31000000.0
,grossProfit,621900000.0,597900000.0,529000000.0,436900000.0,341600000.0,250600000.0,206400000.0,170300000.0,144800000.0,123500000.0,83600000.0,43100000.0
,grossProfitRatio,0.601741654571843,0.609293793946805,0.644022400779158,0.650148809523809,0.645624645624646,0.627598297019785,0.623753399818676,0.646299810246679,0.655797101449275,0.679691799669785,0.655686274509804,0.581646423751687
,,,,,,,,,,,,,,,,,,,,,,,,,,,,,,,,,,,,,,,,,,,,,,,,,,,,,,,,,,,,,,,,,,,,,,,,,,,,,,,,,,,,,,,,,,,,,,,,,,,,,
COST And EXPENSES,,,,,,,,,,,,,,,,,,,,,,,,,,,,,,,,,,,,,,,,,,,,,,,,,,,,,,,,,,,,,,,,,,,,,,,,,,,,,,,,,,,,,,,,,,,,,,,,,,,,,
,ResearchAndDevelopmentExpenses,0.0,0.0,0.0,0.0,0.0,0.0,0.0,0.0,0.0,0.0,0.0,0.0
,GeneralAndAdministrativeExpenses,99300000.0,83500000.0,80600000.0,67000000.0,60700000.0,46600000.0,34600000.0,28000000.0,23200000.0,14800000.0,10600000.0,5700000.0
,SellingAndMarketingExpenses,18300000.0,20200000.0,19600000.0,17000000.0,16900000.0,12100000.0,12800000.0,10600000.0,9700000.0,9100000.0,6800000.0,5100000.0
,otherExpenses,0.0,-300000.0,0.0,0.0,0.0,0.0,0.0,-100000.0,0.0,0.0,0.0,0.0
,operatingExpenses,567000000.0,521400000.0,434300000.0,342900000.0,261500000.0,200200000.0,165400000.0,133800000.0,106300000.0,79400000.0,53600000.0,28800000.0
,costAndExpenses,978600000.0,904800000.0,726700000.0,578000000.0,449000000.0,348900000.0,289900000.0,227000000.0,182300000.0,137600000.0,97500000.0,59800000.0
,interestExpense,57700000.0,82000000.0,94700000.0,68100000.0,48800000.0,41200000.0,39500000.0,43700000.0,41800000.0,32900000.0,11500000.0,3100000.0
,,,,,,,,,,,,,,,,,,,,,,,,,,,,,,,,,,,,,,,,,,,,,,,,,,,,,,,,,,,,,,,,,,,,,,,,,,,,,,,,,,,,,,,,,,,,,,,,,,,,,
EBITDA,,,,,,,,,,,,,,,,,,,,,,,,,,,,,,,,,,,,,,,,,,,,,,,,,,,,,,,,,,,,,,,,,,,,,,,,,,,,,,,,,,,,,,,,,,,,,,,,,,,,,
,depreciationAndAmortization,449400000.0,417700000.0,334100000.0,258900000.0,183900000.0,141500000.0,118000000.0,95200000.0,73400000.0,55500000.0,36200000.0,18000000.0
,EBITDA,504300000.0,494200000.0,428800000.0,352900000.0,264000000.0,191900000.0,159000000.0,131700000.0,111900000.0,99600000.0,66200000.0,32300000.0
,EBITDARatio,0.487953555878084,0.503617650056048,0.522035549062576,0.525148809523809,0.498960498960499,0.480591034310043,0.480507706255666,0.499810246679317,0.50679347826087,0.548156301596037,0.51921568627451,0.435897435897436
,,,,,,,,,,,,,,,,,,,,,,,,,,,,,,,,,,,,,,,,,,,,,,,,,,,,,,,,,,,,,,,,,,,,,,,,,,,,,,,,,,,,,,,,,,,,,,,,,,,,,
INCOME,,,,,,,,,,,,,,,,,,,,,,,,,,,,,,,,,,,,,,,,,,,,,,,,,,,,,,,,,,,,,,,,,,,,,,,,,,,,,,,,,,,,,,,,,,,,,,,,,,,,,
,operatingIncome,54900000.0,76500000.0,94700000.0,94000000.0,80100000.0,50400000.0,41000000.0,36500000.0,38500000.0,44100000.0,30000000.0,14300000.0
,operatingIncomeRatio,0.0531204644412192,0.077957811066952,0.115290966642318,0.139880952380952,0.151389151389151,0.126220886551465,0.123904502870958,0.138519924098672,0.174365942028986,0.242707760044029,0.235294117647059,0.192982456140351
,totalOtherIncomeExpensesNet,40600000.0,43200000.0,1800000.0,-106400000.0,-9600000.0,-27600000.0,-14600000.0,-26300000.0,-22200000.0,-7500000.0,-12200000.0,-1200000.0
,incomeBeforeTax,37800000.0,37700000.0,1800000.0,-80500000.0,21700000.0,-18400000.0,-13100000.0,-33300000.0,-25500000.0,3700000.0,6300000.0,10000000.0
,incomeBeforeTaxRatio,0.0365747460087083,0.038418424538877,0.00219138056975895,-0.119791666666667,0.041013041013041,-0.0460806411219634,-0.0395889996977939,-0.126375711574953,-0.115489130434783,0.0203632361034673,0.0494117647058823,0.134952766531714
,incomeTaxExpense,-3600000.0,-3700000.0,600000.0,3000000.0,1800000.0,1800000.0,1400000.0,2300000.0,-5100000.0,2200000.0,2700000.0,3900000.0
,netIncome,41400000.0,41400000.0,1200000.0,-83500000.0,19900000.0,-15400000.0,-7800000.0,-5300000.0,-20300000.0,1500000.0,3500000.0,6100000.0
,netIncomeRatio,0.0400580551523948,0.0421889330479976,0.0014609203798393,-0.124255952380952,0.0376110376110376,-0.0385674931129477,-0.0235720761559383,-0.0201138519924099,-0.0919384057971015,0.00825536598789213,0.0274509803921569,0.0823211875843455
,,,,,,,,,,,,,,,,,,,,,,,,,,,,,,,,,,,,,,,,,,,,,,,,,,,,,,,,,,,,,,,,,,,,,,,,,,,,,,,,,,,,,,,,,,,,,,,,,,,,,
EPS,,,,,,,,,,,,,,,,,,,,,,,,,,,,,,,,,,,,,,,,,,,,,,,,,,,,,,,,,,,,,,,,,,,,,,,,,,,,,,,,,,,,,,,,,,,,,,,,,,,,,
,EPS,0.36,0.36,0.011077,-0.95,0.24,-0.3,-0.3,-0.28,-1.045682,-0.06,0.18029,0.31422
,EPSDiluted,0.36,0.36,0.011077,-0.95,0.24,-0.3,-0.3,-0.28,-1.045682,-0.06,0.18029,0.31422
,weightedAverageShsOut,115000000.0,115000000.0,108329314.0,88900000.0,82916667.0,51333333.0,38651517.0,20900000.0,19413165.0,19413165.0,19413165.0,19413165.0
,weightedAverageShsOutDil,115000000.0,115000000.0,108329314.0,88900000.0,82916667.0,51333333.0,38651517.0,20900000.0,19413165.0,19413165.0,19413165.0,19413165.0
