date,,2020-12-31_FY,2019-12-31_FY,2018-12-31_FY,2017-12-31_FY,2016-12-31_FY,2015-12-31_FY,2014-12-31_FY,2013-12-31_FY,2012-12-31_FY,2011-12-31_FY,2011-03-15_FY,2010-12-31_FY,2009-12-31_FY,2008-12-31_FY,2007-12-31_FY,2006-12-31_FY,2005-12-31_FY,2004-12-31_FY,2003-12-31_FY,2002-12-31_FY,2001-12-31_FY
,revenue,16957900000.0,16670500000.0,16395300000.0,15687600000.0,14529400000.0,11069400000.0,10280100000.0,9767600000.0,8892400000.0,8114900000.0,7266000000.0,7266800000.0,6531600000.0,6044900000.0,5560900000.0,5314400000.0,4891100000.0,4222400000.0,4324300000.0,4662100000.0,3425000000.0
,costOfRevenue,16069600000.0,15746300000.0,15527800000.0,14895900000.0,13792500000.0,10431500000.0,9706400000.0,9230500000.0,8415600000.0,7680800000.0,6881000000.0,6881500000.0,6130000000.0,5685800000.0,5228300000.0,5016700000.0,4620100000.0,3982200000.0,4054900000.0,0.0,3302900000.0
,grossProfit,888300000.0,924200000.0,867500000.0,791700000.0,736900000.0,637900000.0,573700000.0,537100000.0,476800000.0,434100000.0,385000000.0,385300000.0,401600000.0,359100000.0,332600000.0,297700000.0,271000000.0,240200000.0,269400000.0,0.0,122100000.0
,grossProfitRatio,0.0523826653064354,0.0554392489727363,0.0529115051264692,0.0504666105714067,0.0507178548322711,0.0576273330081125,0.055806850127917,0.0549879192432123,0.0536188205658765,0.0534941897004276,0.0529865125240848,0.0530219628997633,0.0614857002878315,0.0594054492216579,0.0598104623352335,0.0560176125244618,0.0554067592157183,0.0568870784388026,0.0622991004324399,0.0,0.0356496350364964
,,,,,,,,,,,,,,,,,,,,,,,,,,,,,,,,,,,,,,,,,,,,,,,,,,,,,,,,,,,,,,,,,,,,,,,,,,,,,,,,,,,,,,,,,,,,,,,,,,,,,
COST And EXPENSES,,,,,,,,,,,,,,,,,,,,,,,,,,,,,,,,,,,,,,,,,,,,,,,,,,,,,,,,,,,,,,,,,,,,,,,,,,,,,,,,,,,,,,,,,,,,,,,,,,,,,
,ResearchAndDevelopmentExpenses,0.0,0.0,0.0,0.0,0.0,0.0,0.0,0.0,0.0,0.0,0.0,0.0,0.0,0.0,0.0,0.0,0.0,0.0,0.0,0.0,0.0
,GeneralAndAdministrativeExpenses,242200000.0,255400000.0,245100000.0,241500000.0,210300000.0,196000000.0,184400000.0,168300000.0,153700000.0,385400000.0,142000000.0,354300000.0,334600000.0,327000000.0,293100000.0,257700000.0,225700000.0,94400000.0,98300000.0,93200000.0,77900000.0
,SellingAndMarketingExpenses,541700000.0,566200000.0,540600000.0,504100000.0,431200000.0,352600000.0,318400000.0,297100000.0,262700000.0,0.0,0.0,0.0,0.0,0.0,0.0,0.0,0.0,0.0,0.0,0.0,0.0
,otherExpenses,551000000.0,0.0,0.0,0.0,0.0,0.0,0.0,0.0,0.0,0.0,214000000.0,0.0,0.0,0.0,0.0,0.0,0.0,0.0,0.0,0.0,0.0
,operatingExpenses,793600000.0,831600000.0,795700000.0,754100000.0,646800000.0,551200000.0,505400000.0,468100000.0,419400000.0,388400000.0,356000000.0,356400000.0,336600000.0,329000000.0,294900000.0,259200000.0,227000000.0,216100000.0,521600000.0,93200000.0,77900000.0
,costAndExpenses,16863200000.0,16577900000.0,16323500000.0,15650000000.0,14439300000.0,10982700000.0,10211800000.0,9698600000.0,8835000000.0,8069200000.0,7237000000.0,7237900000.0,6466600000.0,6014800000.0,5523200000.0,5275900000.0,4847100000.0,4198300000.0,4576500000.0,93200000.0,3380800000.0
,interestExpense,10500000.0,0.0,13700000.0,11300000.0,5300000.0,2500000.0,2400000.0,2700000.0,2200000.0,2400000.0,2000000.0,2600000.0,1700000.0,2200000.0,2400000.0,4900000.0,10000000.0,0.0,0.0,0.0,0.0
,,,,,,,,,,,,,,,,,,,,,,,,,,,,,,,,,,,,,,,,,,,,,,,,,,,,,,,,,,,,,,,,,,,,,,,,,,,,,,,,,,,,,,,,,,,,,,,,,,,,,
EBITDA,,,,,,,,,,,,,,,,,,,,,,,,,,,,,,,,,,,,,,,,,,,,,,,,,,,,,,,,,,,,,,,,,,,,,,,,,,,,,,,,,,,,,,,,,,,,,,,,,,,,,
,depreciationAndAmortization,9700000.0,10000000.0,10000000.0,8500000.0,5300000.0,2600000.0,2600000.0,2700000.0,3000000.0,3000000.0,4000000.0,2100000.0,2000000.0,2000000.0,1800000.0,1900000.0,1300000.0,400000.0,1700000.0,0.0,9700000.0
,EBITDA,104400000.0,102600000.0,81800000.0,46100000.0,95400000.0,89300000.0,70900000.0,71700000.0,60400000.0,48700000.0,32000000.0,31000000.0,67000000.0,32100000.0,39500000.0,40400000.0,45300000.0,24500000.0,-250500000.0,4568900000.0,53900000.0
,EBITDARatio,0.00615642267025988,0.00615458444557752,0.00498923471970626,0.00293862668604503,0.00656599721943095,0.00806728458633711,0.00689682006984368,0.00734059543797862,0.00679231703477127,0.00600130623914035,0.00440407376823562,0.00426597677106842,0.010257823504195,0.00531026154278814,0.00710316675358305,0.00760198705404185,0.00926172026742451,0.00580238726790451,-0.057928450847536,0.98000900881577,0.0157372262773723
,,,,,,,,,,,,,,,,,,,,,,,,,,,,,,,,,,,,,,,,,,,,,,,,,,,,,,,,,,,,,,,,,,,,,,,,,,,,,,,,,,,,,,,,,,,,,,,,,,,,,
INCOME,,,,,,,,,,,,,,,,,,,,,,,,,,,,,,,,,,,,,,,,,,,,,,,,,,,,,,,,,,,,,,,,,,,,,,,,,,,,,,,,,,,,,,,,,,,,,,,,,,,,,
,operatingIncome,94700000.0,92600000.0,71800000.0,37600000.0,90100000.0,86700000.0,68300000.0,69000000.0,57400000.0,45700000.0,28000000.0,28900000.0,65000000.0,30100000.0,37700000.0,38500000.0,44000000.0,24100000.0,-252200000.0,4568900000.0,44200000.0
,operatingIncomeRatio,0.00558441788193114,0.00555472241384482,0.00437930382487664,0.00239679747061373,0.00620121959612923,0.00783240284026234,0.00664390424217663,0.0070641713419878,0.00645495029463362,0.0056316159164007,0.00385356454720617,0.00397699124786701,0.0099516198175026,0.00497940412579199,0.00677947814202737,0.00724446786090622,0.00899593138557789,0.00570765441455097,-0.0583215780588766,0.98000900881577,0.0129051094890511
,totalOtherIncomeExpensesNet,-900000.0,-800000.0,1800000.0,1800000.0,500000.0,-1800000.0,-100000.0,-800000.0,-200000.0,-500000.0,0.0,500000.0,2200000.0,-6300000.0,900000.0,-300000.0,-8100000.0,50400000.0,-18100000.0,0.0,0.0
,incomeBeforeTax,83300000.0,77400000.0,59900000.0,28400000.0,85500000.0,82900000.0,66400000.0,66000000.0,55400000.0,43200000.0,27000000.0,27200000.0,65800000.0,22600000.0,37600000.0,34000000.0,25900000.0,83700000.0,-264900000.0,0.0,0.0
,incomeBeforeTaxRatio,0.00491216483173034,0.00464293212561111,0.0036534860600294,0.00181034702567633,0.00588462014949,0.00748911413446077,0.00645908113734302,0.00675703345755354,0.00623003913454186,0.00532354064745099,0.0037159372419488,0.00374305058622778,0.0100741012921796,0.00373868881205644,0.00676149544138539,0.00639771187716393,0.0052953323383288,0.0198228495642289,-0.0612584695788914,0.0,0.0
,incomeTaxExpense,20100000.0,19700000.0,14400000.0,-5100000.0,31300000.0,31400000.0,23700000.0,24400000.0,21500000.0,17000000.0,-9000000.0,9500000.0,18500000.0,4700000.0,13500000.0,13400000.0,11600000.0,29600000.0,300000.0,0.0,0.0
,netIncome,63200000.0,57700000.0,45500000.0,33500000.0,54200000.0,51500000.0,42700000.0,41600000.0,33900000.0,26200000.0,17000000.0,17700000.0,47300000.0,17900000.0,24100000.0,20600000.0,14300000.0,54100000.0,-268000000.0,39800000.0,17500000.0
,netIncomeRatio,0.0037268765590079,0.00346120392309769,0.00277518557147475,0.00213544455493511,0.00373036739301003,0.00465246535494245,0.00415365609283956,0.00425897866415496,0.0038122441635554,0.00322862881859296,0.00233966418937517,0.00243573512412616,0.00724171719027497,0.0029611738821155,0.00433383085471776,0.00387626072557579,0.00292367770031281,0.0128126184160667,-0.0619753486113359,0.00853692541987516,0.00510948905109489
,,,,,,,,,,,,,,,,,,,,,,,,,,,,,,,,,,,,,,,,,,,,,,,,,,,,,,,,,,,,,,,,,,,,,,,,,,,,,,,,,,,,,,,,,,,,,,,,,,,,,
EPS,,,,,,,,,,,,,,,,,,,,,,,,,,,,,,,,,,,,,,,,,,,,,,,,,,,,,,,,,,,,,,,,,,,,,,,,,,,,,,,,,,,,,,,,,,,,,,,,,,,,,
,EPS,1.4,1.26,0.989130434782609,0.72354211663067,1.17062634989201,1.115,0.925,0.905,0.74,0.575,1.7,0.41,1.1325,0.4275,0.575,0.5125,0.365,1.38,-6.8375,1.015,0.4475
,EPSDiluted,1.39,1.25,0.986984815618221,0.72198275862069,1.16559139784946,1.105,0.915,0.895,0.7275,0.5575,1.7,0.3875,1.0875,0.41,0.5375,0.4675,0.3425,1.38,-6.8375,1.015,0.4475
,weightedAverageShsOut,45000000.0,45700000.0,46000000.0,46300000.0,46300000.0,46200000.0,46200000.0,46000000.0,46000000.0,45600000.0,10000000.0,43200000.0,42000000.0,42000000.0,42000000.0,40000000.0,39200000.0,39200000.0,39200000.0,39200000.0,39200000.0
,weightedAverageShsOutDil,45000000.0,46000000.0,46100000.0,46400000.0,46500000.0,46600000.0,46600000.0,46400000.0,46400000.0,46800000.0,10000000.0,45600000.0,43600000.0,43600000.0,44800000.0,44000000.0,42000000.0,39200000.0,39200000.0,39200000.0,39200000.0
