date,,2020-12-31_FY,2019-12-31_FY,2018-12-31_FY,2017-12-31_FY,2016-12-31_FY,2015-12-31_FY,2014-12-31_FY,2013-12-31_FY,2012-12-31_FY,2011-12-31_FY,2010-12-31_FY,2009-12-31_FY,2008-12-31_FY,2007-12-31_FY,2006-12-31_FY,2005-12-31_FY,2004-12-31_FY,2003-12-31_FY,2002-12-31_FY,2001-12-31_FY
,revenue,1623304000.0,1049443000.0,966916000.0,658781000.0,471565000.0,464567000.0,427776000.0,327246000.0,240480000.0,235278000.0,233810000.0,123901000.0,217324000.0,261569000.0,344967000.0,294291000.0,290243000.0,0.0,311206000.0,426842000.0
,costOfRevenue,1259081000.0,903317000.0,801888000.0,595344000.0,415294000.0,409670000.0,403642000.0,279485000.0,246143000.0,0.0,0.0,0.0,0.0,0.0,0.0,0.0,0.0,0.0,0.0,0.0
,grossProfit,364223000.0,146126000.0,165028000.0,63437000.0,56271000.0,54897000.0,24134000.0,47761000.0,-5663000.0,235278000.0,233810000.0,123901000.0,217324000.0,0.0,0.0,0.0,0.0,0.0,0.0,0.0
,grossProfitRatio,0.224371405479196,0.139241483339257,0.170674598413926,0.0962945197265859,0.119328194416464,0.118168100618425,0.0564173773189707,0.145948308000709,-0.0235487358616101,1.0,1.0,1.0,1.0,0.0,0.0,0.0,0.0,0.0,0.0,0.0
,,,,,,,,,,,,,,,,,,,,,,,,,,,,,,,,,,,,,,,,,,,,,,,,,,,,,,,,,,,,,,,,,,,,,,,,,,,,,,,,,,,,,,,,,,,,,,,,,,,,,
COST And EXPENSES,,,,,,,,,,,,,,,,,,,,,,,,,,,,,,,,,,,,,,,,,,,,,,,,,,,,,,,,,,,,,,,,,,,,,,,,,,,,,,,,,,,,,,,,,,,,,,,,,,,,,
,ResearchAndDevelopmentExpenses,0.0,0.0,0.0,0.0,0.0,0.0,0.0,0.0,0.0,16725000.0,14470000.0,7804000.0,0.0,0.0,0.0,0.0,0.0,0.0,0.0,0.0
,GeneralAndAdministrativeExpenses,165134000.0,166501000.0,155384000.0,122217000.0,104296000.0,69612000.0,58818000.0,58589000.0,55491000.0,314468000.0,278603000.0,138376000.0,181851000.0,0.0,0.0,0.0,170546000.0,0.0,194095000.0,314318000.0
,SellingAndMarketingExpenses,0.0,0.0,0.0,0.0,0.0,0.0,0.0,0.0,0.0,0.0,0.0,0.0,12709000.0,12792000.0,12581000.0,12382000.0,12087000.0,0.0,0.0,0.0
,otherExpenses,-33195000.0,-23114000.0,-22014000.0,-18196000.0,-14815000.0,-15594000.0,-15209000.0,-12616000.0,-15829000.0,0.0,0.0,0.0,0.0,0.0,0.0,0.0,0.0,0.0,0.0,0.0
,operatingExpenses,187811000.0,186961000.0,167820000.0,135295000.0,117009000.0,79110000.0,69006000.0,68816000.0,64928000.0,359518000.0,327893000.0,188390000.0,232148000.0,280665000.0,328351000.0,281976000.0,-50621000.0,0.0,540325000.0,533468000.0
,costAndExpenses,1446892000.0,1090278000.0,969708000.0,730639000.0,532303000.0,488780000.0,472648000.0,348301000.0,311071000.0,359518000.0,327893000.0,188390000.0,232148000.0,280665000.0,328351000.0,281976000.0,-50621000.0,0.0,540325000.0,533468000.0
,interestExpense,0.0,0.0,0.0,0.0,0.0,0.0,0.0,0.0,0.0,8986000.0,12049000.0,1601000.0,0.0,0.0,0.0,0.0,0.0,0.0,0.0,0.0
,,,,,,,,,,,,,,,,,,,,,,,,,,,,,,,,,,,,,,,,,,,,,,,,,,,,,,,,,,,,,,,,,,,,,,,,,,,,,,,,,,,,,,,,,,,,,,,,,,,,,
EBITDA,,,,,,,,,,,,,,,,,,,,,,,,,,,,,,,,,,,,,,,,,,,,,,,,,,,,,,,,,,,,,,,,,,,,,,,,,,,,,,,,,,,,,,,,,,,,,,,,,,,,,
,depreciationAndAmortization,22677000.0,20460000.0,12436000.0,13078000.0,12713000.0,9498000.0,10188000.0,10227000.0,9437000.0,15472000.0,11543000.0,5761000.0,2882000.0,3168000.0,2369000.0,2140000.0,2409000.0,0.0,0.0,0.0
,EBITDA,199089000.0,-20375000.0,9644000.0,-58780000.0,-48025000.0,-14715000.0,-34684000.0,-10828000.0,-61154000.0,-108768000.0,-82540000.0,-58728000.0,-11942000.0,-15928000.0,18985000.0,14455000.0,343273000.0,0.0,-229119000.0,-106626000.0
,EBITDARatio,0.12264431061588,-0.0194150611324293,0.00997397912538421,-0.0892254026755477,-0.101841739738954,-0.0316746561852219,-0.0810798174745661,-0.0330882577632729,-0.254299733865602,-0.462295667253207,-0.353021684273555,-0.47399133178909,-0.0549502125858166,-0.0608940661928592,0.0550342496528653,0.0491180498214352,1.18270897144806,0.0,-0.736229378610952,-0.249802034476457
,,,,,,,,,,,,,,,,,,,,,,,,,,,,,,,,,,,,,,,,,,,,,,,,,,,,,,,,,,,,,,,,,,,,,,,,,,,,,,,,,,,,,,,,,,,,,,,,,,,,,
INCOME,,,,,,,,,,,,,,,,,,,,,,,,,,,,,,,,,,,,,,,,,,,,,,,,,,,,,,,,,,,,,,,,,,,,,,,,,,,,,,,,,,,,,,,,,,,,,,,,,,,,,
,operatingIncome,176412000.0,-40835000.0,-2792000.0,-71858000.0,-60738000.0,-24213000.0,-44872000.0,-21055000.0,-70591000.0,-124240000.0,-94083000.0,-64489000.0,-14824000.0,-19096000.0,16616000.0,12315000.0,340864000.0,0.0,-229119000.0,-106626000.0
,operatingIncomeRatio,0.108674653669307,-0.0389111176119141,-0.00288753107819087,-0.109077219895534,-0.128800907616129,-0.052119500524144,-0.104896020347098,-0.0643399766536489,-0.293542082501663,-0.528056171847772,-0.402390830161242,-0.520488131653497,-0.0682115182860614,-0.0730055931704445,0.048166926111773,0.0418463357696973,1.17440902967513,0.0,-0.736229378610952,-0.249802034476457
,totalOtherIncomeExpensesNet,121025000.0,111558000.0,101728000.0,78820000.0,29251000.0,35692000.0,102708000.0,39352000.0,47082000.0,34616000.0,53042000.0,18845000.0,-49249000.0,1775000.0,0.0,0.0,-1993000.0,0.0,0.0,0.0
,incomeBeforeTax,297437000.0,70723000.0,98936000.0,6962000.0,-31487000.0,11479000.0,57836000.0,18297000.0,-23509000.0,-98610000.0,-53090000.0,-47245000.0,-64073000.0,-17830000.0,42459000.0,13233000.0,56989000.0,0.0,-229119000.0,-106626000.0
,incomeBeforeTaxRatio,0.183229388949944,0.0673909874095115,0.102321194395377,0.0105680036309487,-0.066771282856022,0.024709030129131,0.135201600837822,0.0559120661520691,-0.0977586493679308,-0.419121209802871,-0.227064710662504,-0.381312499495565,-0.294827078463492,-0.0681655700790231,0.12308133821496,0.0449656972180597,0.196349265959903,0.0,-0.736229378610952,-0.249802034476457
,incomeTaxExpense,90373000.0,14853000.0,15719000.0,44053000.0,-19092000.0,-47496000.0,-124944000.0,457000.0,448000.0,-20073000.0,-21400000.0,-8206000.0,8081000.0,-6509000.0,4548000.0,1152000.0,1877000.0,0.0,27000.0,866000.0
,netIncome,216363000.0,24631000.0,42819000.0,-60882000.0,-19277000.0,43729000.0,167216000.0,4647000.0,-23885000.0,-108010000.0,-45417000.0,-55287000.0,-72154000.0,-11321000.0,37911000.0,12081000.0,55112000.0,-74374000.0,-229146000.0,-107492000.0
,netIncomeRatio,0.133285570663289,0.0234705458038216,0.0442840949989451,-0.0924161443636049,-0.0408787759905845,0.0941285110651424,0.390896169958109,0.0142003263599861,-0.0993221889554225,-0.45907394656534,-0.194247465891108,-0.446219158844561,-0.33201119066463,-0.0432811227630186,0.109897468453504,0.0410512044201148,0.189882271062523,0.0,-0.736316137863666,-0.251830888244362
,,,,,,,,,,,,,,,,,,,,,,,,,,,,,,,,,,,,,,,,,,,,,,,,,,,,,,,,,,,,,,,,,,,,,,,,,,,,,,,,,,,,,,,,,,,,,,,,,,,,,
EPS,,,,,,,,,,,,,,,,,,,,,,,,,,,,,,,,,,,,,,,,,,,,,,,,,,,,,,,,,,,,,,,,,,,,,,,,,,,,,,,,,,,,,,,,,,,,,,,,,,,,,
,EPS,7.32812870448772,0.6,1.22,-2.29,-0.97,1.44,5.8,0.159276111153955,-0.84,-4.52,-2.48,-5.4,-25.64,-3.52,11.76,3.2216,17.08,-19.833067,-71.04,-33.330853
,EPSDiluted,7.32812870448772,0.57,1.17,-2.29,-0.97,1.36,5.6,0.153471436709958,-0.84,-4.52,-2.48,-5.4,-25.64,-3.52,11.68,3.2216,17.08,-19.833067,-71.04,-33.330853
,weightedAverageShsOut,26934000.0,29525000.0,29545000.0,29492000.0,26857000.0,27522500.0,28731500.0,29175750.0,28600000.0,23883000.0,18287250.0,10250250.0,2813500.0,3201250.0,3225750.0,3750000.0,3225000.0,3750000.0,3225000.0,3225000.0
,weightedAverageShsOutDil,29519000.0,31286000.0,30735000.0,29492000.0,26857000.0,29043500.0,29871500.0,30279250.0,28600000.0,23883000.0,18287250.0,10250250.0,2813500.0,3201250.0,3241500.0,3750000.0,3225000.0,3750000.0,3225000.0,3225000.0
