Date,2018-12-31,2017-12-31,2016-12-31,2015-12-31,2014-12-31,2013-12-31,2012-12-31,2011-12-31,2010-12-31,2009-12-31
Revenue,40741765.0,41150131.0,33025560.0,33519051.0,36901871.0,32027462.0,48851237.0,51142776.0,45876371.0,43537278.0
Revenue Growth,-0.0099,0.246,-0.0147,-0.0917,0.1522,-0.3444,-0.0448,0.1148,0.0537,0.2413
Cost of Revenue,7378095.0,7370585.0,5958660.0,4968170.0,5053165.0,5439422.0,5046179.0,5362554.0,3586646.0,4136541.0
Gross Profit,33363670.0,33779546.0,27066900.0,28550881.0,31848706.0,26588040.0,43805058.0,45780222.0,42289725.0,39400737.0
R&D Expenses,7320797.0,3901365.0,3190700.0,3847651.0,3389419.0,5615501.0,5095172.0,5028072.0,4327485.0,4993278.0
SG&A Expense,30664179.0,31523307.0,23115292.0,21602356.0,23303762.0,23877721.0,29385452.0,30247361.0,30773582.0,27837144.0
Operating Expenses,40754442.0,37860894.0,28500031.0,27439271.0,28289870.0,30389378.0,34986956.0,35930735.0,35787978.0,33624102.0
Operating Income,-7390772.0,-4081348.0,-1433131.0,1111610.0,3558836.0,-3801338.0,8818102.0,9849487.0,6501747.0,5776635.0
Interest Expense,195848.0,92904.0,106392.0,73856.0,67074.0,103422.0,71985.0,353497.0,1423523.0,772927.0
Earnings before Tax,-6946432.0,-3803744.0,-1275607.0,1307180.0,3804467.0,-3627665.0,9087268.0,9738060.0,5308100.0,5115607.0
Income Tax Expense,16636.0,4174889.0,-330924.0,575829.0,1380744.0,-1523051.0,3244776.0,4080204.0,2851420.0,2024192.0
Net Income - Non-Controlling int,-75704.0,-71182.0,-59255.0,-60243.0,-61258.0,-46804.0,-36286.0,-31343.0,-29669.0,-32536.0
Net Income - Discontinued ops,0.0,0.0,0.0,0.0,0.0,0.0,0.0,0.0,0.0,0.0
Net Income,-6963068.0,-7978633.0,-944683.0,731351.0,2423723.0,-2104614.0,5842492.0,5657856.0,2456680.0,3091415.0
Preferred Dividends,0.0,0.0,0.0,0.0,0.0,0.0,0.0,0.0,0.0,0.0
Net Income Com,-6963068.0,-7978633.0,-944683.0,731351.0,2423723.0,-2104614.0,5842492.0,5657856.0,2456680.0,3091415.0
EPS,-0.45,-0.5,-0.06,0.04,0.14,-0.11,0.3,0.28,0.12,0.22
EPS Diluted,-0.45,-0.5,-0.06,0.04,0.14,-0.11,0.3,0.28,0.12,0.17
Weighted Average Shs Out,15527623.0,15748137.0,16180604.0,16452665.0,17358071.0,18105750.0,19110546.0,20177339.0,20310328.0,20134791.0
Weighted Average Shs Out (Dil),15614052.0,15911577.0,16236525.0,16715970.0,17617765.0,18332997.0,19564625.0,20342913.0,20333932.0,14199479.0
Dividend per Share,0.0,0.0,0.0,0.0,0.0,0.0,0.0,0.0,0.0,0.0
Gross Margin,0.8189,0.8209,0.8196,0.8518,0.8631,0.8302,0.8967,0.8951,0.9218,0.905
EBITDA Margin,-0.092,-0.026,0.037,0.108,0.159,-0.069,0.206,0.218,0.168,0.154
EBIT Margin,-0.1657,-0.0902,-0.0354,0.0412,0.1049,-0.11,0.1875,0.1973,0.1467,0.1353
Profit Margin,-0.171,-0.194,-0.029,0.022,0.066,-0.066,0.12,0.111,0.054,0.071
Free Cash Flow margin,-0.0285,-0.0497,-0.0473,0.0948,0.0929,-0.2127,0.0941,0.162,-0.0092,-0.0045
EBITDA,-3767881.0,-1063087.0,1227693.0,3627845.0,5861105.0,-2222408.0,10060902.0,11131964.0,7710021.0,6705033.0
EBIT,-6750584.0,-3710840.0,-1169215.0,1381036.0,3871541.0,-3524243.0,9159253.0,10091557.0,6731623.0,5888534.0
Consolidated Income,-7038772.0,-8049815.0,-1003938.0,671108.0,2362465.0,-2151418.0,5806206.0,5626513.0,2427011.0,3058879.0
Earnings Before Tax Margin,-0.1705,-0.0924,-0.0386,0.039,0.1031,-0.1133,0.186,0.1904,0.1157,0.1175
Net Profit Margin,-0.1709,-0.1939,-0.0286,0.0218,0.0657,-0.0657,0.1196,0.1106,0.0536,0.071
