Date,2018-12-31,2017-12-31,2016-12-31,2015-12-31,2014-12-31,2013-12-31,2012-12-31,2011-12-31,2010-12-31,2009-12-31
Revenue,3345500000.0,2786000000.0,2748000000.0,2740500000.0,2925000000.0,2595300000.0,2579068000.0,2500369000.0,2179319000.0,2196343000.0
Revenue Growth,0.2008,0.0138,0.0027,-0.0631,0.127,0.0063,0.0315,0.1473,-0.0078,-0.1566
Cost of Revenue,2156200000.0,1770900000.0,1758300000.0,1786100000.0,1908700000.0,1711800000.0,1709949000.0,1894885000.0,1437376000.0,1466030000.0
Gross Profit,1189300000.0,1015100000.0,989700000.0,954400000.0,1016300000.0,883500000.0,869119000.0,605484000.0,741943000.0,730313000.0
R&D Expenses,0.0,0.0,0.0,0.0,0.0,0.0,0.0,0.0,0.0,0.0
SG&A Expense,721000000.0,605900000.0,610600000.0,566500000.0,605200000.0,535600000.0,540215000.0,538586000.0,501967000.0,516801000.0
Operating Expenses,748000000.0,626700000.0,803000000.0,581500000.0,700000000.0,535600000.0,558678000.0,568913000.0,508643000.0,522044000.0
Operating Income,441300000.0,388400000.0,186700000.0,372900000.0,316300000.0,347900000.0,310441000.0,36571000.0,233300000.0,208269000.0
Interest Expense,50900000.0,36100000.0,36500000.0,37600000.0,39200000.0,26500000.0,26831000.0,26255000.0,26841000.0,27139000.0
Earnings before Tax,411500000.0,366800000.0,163100000.0,335400000.0,280300000.0,324600000.0,305409000.0,18260000.0,210257000.0,184702000.0
Income Tax Expense,75900000.0,195000000.0,40300000.0,106500000.0,87600000.0,105100000.0,88416000.0,-8055000.0,56087000.0,50846000.0
Net Income - Non-Controlling int,-100000.0,700000.0,1000000.0,1100000.0,900000.0,1400000.0,828000.0,201000.0,20000.0,224000.0
Net Income - Discontinued ops,0.0,0.0,0.0,0.0,0.0,0.0,-21632000.0,-3700000.0,-1210000.0,0.0
Net Income,335600000.0,171800000.0,122800000.0,228900000.0,192700000.0,219500000.0,216993000.0,26315000.0,154170000.0,133856000.0
Preferred Dividends,0.0,0.0,0.0,0.0,0.0,0.0,0.0,0.0,0.0,0.0
Net Income Com,335600000.0,171800000.0,122800000.0,228900000.0,192700000.0,219500000.0,216993000.0,26315000.0,154170000.0,133856000.0
EPS,5.63,2.89,2.1,3.94,3.28,3.79,3.78,0.45,2.63,2.29
EPS Diluted,5.5,2.84,2.07,3.89,3.23,3.73,3.72,0.44,2.59,2.28
Weighted Average Shs Out,59449055.0,59349881.0,58656531.0,58064422.0,58984005.0,58150981.0,56924908.0,58157854.0,58446627.0,58485732.0
Weighted Average Shs Out (Dil),59600000.0,59400000.0,58500000.0,58100000.0,58700000.0,57900000.0,57443000.0,58120000.0,58601000.0,58473000.0
Dividend per Share,1.4,1.32,1.32,1.32,1.26,1.16,1.08,0.98,0.86,0.8
Gross Margin,0.3555,0.3644,0.3602,0.3483,0.3475,0.3404,0.337,0.2422,0.3404,0.3325
EBITDA Margin,0.174,0.171,0.097,0.161,0.135,0.156,0.151,0.043,0.136,0.123
EBIT Margin,0.1382,0.1446,0.0726,0.1361,0.1092,0.1353,0.1288,0.0178,0.1088,0.0965
Profit Margin,0.1,0.062,0.045,0.084,0.066,0.085,0.084,0.011,0.071,0.061
Free Cash Flow margin,0.0917,0.1044,0.0973,0.0708,0.0786,0.0811,0.0822,0.0479,0.0518,0.0753
EBITDA,582400000.0,475600000.0,267000000.0,440000000.0,395300000.0,405900000.0,389503000.0,107458000.0,296939000.0,270045000.0
EBIT,462400000.0,402900000.0,199600000.0,373000000.0,319500000.0,351100000.0,332240000.0,44515000.0,237098000.0,211841000.0
Consolidated Income,335500000.0,172500000.0,123800000.0,230000000.0,193600000.0,220900000.0,217821000.0,26516000.0,154190000.0,134080000.0
Earnings Before Tax Margin,0.123,0.1317,0.0594,0.1224,0.0958,0.1251,0.1184,0.0073,0.0965,0.0841
Net Profit Margin,0.1003,0.0617,0.0447,0.0835,0.0659,0.0846,0.0841,0.0105,0.0707,0.0609
