date,,2020-12-31_FY,2019-12-31_FY,2018-12-31_FY,2017-12-31_FY,2016-12-31_FY,2015-12-31_FY,2014-12-31_FY,2013-12-31_FY,2012-12-31_FY,2011-12-31_FY,2010-12-31_FY,2009-12-31_FY
,revenue,239231.0,283266.0,429797.0,329327.0,224105.0,210130.0,189274.0,2001.0,0.0,0.0,0.0,0.0
,costOfRevenue,204846.0,373234.0,396786.0,114964.0,366673.0,318718.0,445799.0,201605.0,0.0,0.0,0.0,0.0
,grossProfit,34385.0,-89968.0,33011.0,214363.0,-142568.0,-108588.0,-256525.0,-199604.0,0.0,0.0,0.0,0.0
,grossProfitRatio,0.143731372606393,-0.317609596633553,0.076806027031366,0.650912315115372,-0.636166082862944,-0.516765811640413,-1.35531029090102,-99.752123938031,0.0,0.0,0.0,0.0
,,,,,,,,,,,,,,,,,,,,,,,,,,,,,,,,,,,,,,,,,,,,,,,,,,,,,,,,,,,,,,,,,,,,,,,,,,,,,,,,,,,,,,,,,,,,,,,,,,,,,
COST And EXPENSES,,,,,,,,,,,,,,,,,,,,,,,,,,,,,,,,,,,,,,,,,,,,,,,,,,,,,,,,,,,,,,,,,,,,,,,,,,,,,,,,,,,,,,,,,,,,,,,,,,,,,
,ResearchAndDevelopmentExpenses,13377193.0,11052903.0,18822488.0,24486122.0,15735300.0,6281823.0,1318734.0,1226874.0,1187631.0,4098225.0,5494297.0,4888538.0
,GeneralAndAdministrativeExpenses,-13877944.0,9865005.0,8074719.0,8652351.0,8883050.0,10263560.0,7326861.0,3488917.0,1857080.0,3148759.0,3012706.0,1166845.0
,SellingAndMarketingExpenses,0.0,0.0,0.0,0.0,0.0,0.0,0.0,0.0,0.0,0.0,0.0,0.0
,otherExpenses,0.0,0.0,0.0,0.0,0.0,0.0,0.0,0.0,0.0,0.0,0.0,0.0
,operatingExpenses,27255137.0,20917908.0,26897207.0,33138473.0,24618350.0,16545383.0,8645595.0,4715791.0,3044711.0,7246984.0,8507003.0,0.0
,costAndExpenses,27459983.0,21291142.0,27293993.0,33253437.0,24985023.0,16864101.0,9091394.0,4917396.0,3044711.0,7246984.0,8507003.0,6055383.0
,interestExpense,33226.0,787488.0,1873.0,5619.0,1311.0,3964.0,2087.0,1444386.0,382936.0,0.0,3093763.0,2068202.0
,,,,,,,,,,,,,,,,,,,,,,,,,,,,,,,,,,,,,,,,,,,,,,,,,,,,,,,,,,,,,,,,,,,,,,,,,,,,,,,,,,,,,,,,,,,,,,,,,,,,,
EBITDA,,,,,,,,,,,,,,,,,,,,,,,,,,,,,,,,,,,,,,,,,,,,,,,,,,,,,,,,,,,,,,,,,,,,,,,,,,,,,,,,,,,,,,,,,,,,,,,,,,,,,
,depreciationAndAmortization,127964.0,73286.0,74218.0,36886.0,25596.0,15076.0,15074.0,5161.0,7022.0,12246.0,12167.0,9945.0
,EBITDA,-27035888.0,-20633078.0,-26789978.0,-32887224.0,-24735322.0,-16638895.0,-8887046.0,-4910234.0,-3037689.0,-7234738.0,-8494836.0,-6043308.0
,EBITDARatio,-113.01164146787,-72.8399384324275,-62.3317007796704,-99.8619123242249,-110.373806920863,-79.1838147813259,-46.9533374895654,-2453.89005497251,0.0,0.0,0.0,0.0
,,,,,,,,,,,,,,,,,,,,,,,,,,,,,,,,,,,,,,,,,,,,,,,,,,,,,,,,,,,,,,,,,,,,,,,,,,,,,,,,,,,,,,,,,,,,,,,,,,,,,
INCOME,,,,,,,,,,,,,,,,,,,,,,,,,,,,,,,,,,,,,,,,,,,,,,,,,,,,,,,,,,,,,,,,,,,,,,,,,,,,,,,,,,,,,,,,,,,,,,,,,,,,,
,operatingIncome,-27220752.0,-21007876.0,-26864196.0,-32924110.0,-24760918.0,-16653971.0,-8902120.0,-4915395.0,-3044711.0,-7246984.0,-8507003.0,-6055383.0
,operatingIncomeRatio,-113.784384130819,-74.1630693411846,-62.5043823014121,-99.9739165024429,-110.488021240044,-79.2555608432875,-47.0329786447161,-2456.46926536732,0.0,0.0,0.0,0.0
,totalOtherIncomeExpensesNet,-23674.0,485976.0,-34566.0,85804.0,-117291.0,1533558.0,11551307.0,4217703.0,380971.0,-41856.0,2679153.0,2066072.0
,incomeBeforeTax,-27197078.0,-21493852.0,-26829630.0,-33009914.0,-24643627.0,-18187529.0,-20453427.0,-9133098.0,-3425682.0,-7205128.0,-11186156.0,-8121455.0
,incomeBeforeTaxRatio,-113.685425383834,-75.8786864643127,-62.4239582872845,-100.234459974433,-109.964646036456,-86.5537000904202,-108.062528397984,-4564.26686656672,0.0,0.0,0.0,0.0
,incomeTaxExpense,-5169395.0,-5060778.0,0.0,0.0,0.0,0.0,0.0,0.0,0.0,-493855.0,-280920.0,0.0
,netIncome,-22027683.0,-16433074.0,-26829630.0,-33009914.0,-24643627.0,-18187529.0,-20453427.0,-9133098.0,-3425682.0,-6711273.0,-10905236.0,-8121455.0
,netIncomeRatio,-92.0770426909556,-58.0128712941193,-62.4239582872845,-100.234459974433,-109.964646036456,-86.5537000904202,-108.062528397984,-4564.26686656672,0.0,0.0,0.0,0.0
,,,,,,,,,,,,,,,,,,,,,,,,,,,,,,,,,,,,,,,,,,,,,,,,,,,,,,,,,,,,,,,,,,,,,,,,,,,,,,,,,,,,,,,,,,,,,,,,,,,,,
EPS,,,,,,,,,,,,,,,,,,,,,,,,,,,,,,,,,,,,,,,,,,,,,,,,,,,,,,,,,,,,,,,,,,,,,,,,,,,,,,,,,,,,,,,,,,,,,,,,,,,,,
,EPS,-0.912040524198156,-1.8,-1.5,-3.0,-3.25,-2.9,-4.8,-3.45,-1.5,-2.95,-5.75,-47.4
,EPSDiluted,-0.912040524198156,-1.8,-1.5,-3.0,-3.25,-2.9,-4.8,-3.45,-1.5,-2.95,-5.75,-47.4
,weightedAverageShsOut,28561963.0,24152088.0,17816623.0,11028226.0,7593474.0,6268709.0,4288381.0,2764626.0,2281654.0,2281654.0,1894651.0,171329.0
,weightedAverageShsOutDil,28561963.0,24152088.0,17816623.0,11028226.0,7593474.0,6268709.0,4288381.0,2764626.0,2281654.0,2281654.0,1894651.0,171329.0
