Date,2018-12-31,2017-12-31,2016-12-31,2015-12-31,2014-12-31,2013-12-31,2012-12-31,2011-12-31,2010-12-31,2009-12-31
Revenue,262841000.0,189702000.0,180380000.0,145898000.0,144641000.0,140763000.0,131718000.0,119626000.0,116645000.0,111685000.0
Revenue Growth,0.3855,0.0517,0.2363,0.0087,0.0275,0.0687,0.1011,0.0256,0.0444,0.0631
Cost of Revenue,89857000.0,61060000.0,61481000.0,55179000.0,53350000.0,50377000.0,46700000.0,43782000.0,48277000.0,41917000.0
Gross Profit,172984000.0,128642000.0,118899000.0,90719000.0,91291000.0,90386000.0,85018000.0,75844000.0,68368000.0,69768000.0
R&D Expenses,23098000.0,19461000.0,13446000.0,10436000.0,8699000.0,8454000.0,7257000.0,6899000.0,5923000.0,5247000.0
SG&A Expense,140574000.0,101211000.0,91548000.0,74929000.0,73754000.0,68112000.0,65149000.0,57302000.0,49064000.0,50025000.0
Operating Expenses,163672000.0,120672000.0,104994000.0,85365000.0,82453000.0,76566000.0,72406000.0,64201000.0,58500000.0,55272000.0
Operating Income,9312000.0,7970000.0,13905000.0,5354000.0,8838000.0,13820000.0,12612000.0,11643000.0,9868000.0,14496000.0
Interest Expense,15788000.0,4881000.0,3043000.0,-62000.0,175000.0,71000.0,179000.0,142000.0,180000.0,83000.0
Earnings before Tax,-6391000.0,3561000.0,18412000.0,5868000.0,8703000.0,23292000.0,12052000.0,11466000.0,7277000.0,14354000.0
Income Tax Expense,-3551000.0,-143000.0,7634000.0,1863000.0,1381000.0,7120000.0,4106000.0,4095000.0,3333000.0,5675000.0
Net Income - Non-Controlling int,0.0,0.0,0.0,0.0,0.0,0.0,0.0,0.0,0.0,0.0
Net Income - Discontinued ops,0.0,0.0,0.0,0.0,0.0,0.0,0.0,0.0,0.0,0.0
Net Income,-2840000.0,3704000.0,10778000.0,4005000.0,7322000.0,16172000.0,7946000.0,7371000.0,3944000.0,8679000.0
Preferred Dividends,0.0,0.0,0.0,0.0,0.0,0.0,0.0,0.0,0.0,0.0
Net Income Com,-2840000.0,3704000.0,10778000.0,4005000.0,7322000.0,16172000.0,7946000.0,7371000.0,3944000.0,8679000.0
EPS,-0.08,0.11,0.33,0.14,0.26,0.59,0.29,0.26,0.14,0.31
EPS Diluted,-0.08,0.11,0.32,0.14,0.25,0.57,0.28,0.26,0.14,0.3
Weighted Average Shs Out,36967506.0,33457552.0,32848419.0,28454868.0,27942146.0,27610551.0,27440437.0,28138775.0,28131665.0,28463282.0
Weighted Average Shs Out (Dil),36412000.0,33008000.0,31855000.0,27744000.0,27379000.0,26885000.0,26967000.0,27441000.0,27987000.0,28106000.0
Dividend per Share,0.0,0.0,0.0,0.12,0.12,0.117,0.05,0.0,0.0,0.0
Gross Margin,0.6581,0.6781,0.6592,0.6218,0.6312,0.6421,0.6455,0.634,0.5861,0.6247
EBITDA Margin,0.105,0.096,0.165,0.08,0.103,0.207,0.136,0.138,0.098,0.167
EBIT Margin,0.0358,0.0445,0.1189,0.0398,0.0614,0.166,0.0929,0.097,0.0639,0.1293
Profit Margin,-0.011,0.02,0.06,0.027,0.051,0.115,0.06,0.062,0.034,0.078
Free Cash Flow margin,0.0156,0.022,0.075,0.0545,0.0263,0.0883,0.1209,0.1188,0.1605,0.1332
EBITDA,27492000.0,18187000.0,29839000.0,11669000.0,14906000.0,29206000.0,17864000.0,16568000.0,11394000.0,18700000.0
EBIT,9397000.0,8442000.0,21455000.0,5806000.0,8878000.0,23363000.0,12231000.0,11608000.0,7457000.0,14437000.0
Consolidated Income,-2840000.0,3704000.0,10778000.0,4005000.0,7322000.0,16172000.0,7946000.0,7371000.0,3944000.0,8679000.0
Earnings Before Tax Margin,-0.0243,0.0188,0.1021,0.0402,0.0602,0.1655,0.0915,0.0958,0.0624,0.1285
Net Profit Margin,-0.0108,0.0195,0.0598,0.0275,0.0506,0.1149,0.0603,0.0616,0.0338,0.0777
