Date,2018-12-31,2017-12-31,2016-12-31,2015-12-31,2014-12-31,2013-12-31,2012-12-31,2011-12-31,2010-12-31,2009-12-31
Revenue,12610000.0,49180000.0,34755000.0,35308000.0,13573000.0,1067000.0,3142000.0,0.0,83147000.0,57810000.0
Revenue Growth,-0.743594957299715,0.415048194504388,-0.0156621728786677,1.60134089736978,11.7207122774133,-0.660407383831954,0.0,-1,0.438280574295105,0.297
Cost of Revenue,3988000.0,3960000.0,3869000.0,4422000.0,3875000.0,3538000.0,3142000.0,0.0,0.0,0.0
Gross Profit,8622000.0,45220000.0,30886000.0,30886000.0,9698000.0,-2471000.0,0.0,0.0,83147000.0,57810000.0
R&D Expenses,0.0,0.0,0.0,0.0,0.0,0.0,0.0,0.0,0.0,0.0
SG&A Expense,172318000.0,109412000.0,90881000.0,77398000.0,70375000.0,60369000.0,69938000.0,58245000.0,72562000.0,49999000.0
Operating Expenses,172318000.0,109412000.0,90881000.0,77398000.0,70375000.0,60369000.0,69938000.0,58245000.0,93325000.0,68714000.0
Operating Income,197459000.0,109275000.0,64251000.0,61909000.0,20090000.0,17753000.0,14530000.0,11328000.0,-10178000.0,-10904000.0
Interest Expense,47550000.0,15783000.0,9340000.0,7286000.0,7356000.0,5885000.0,8481000.0,12207000.0,0.0,0.0
Earnings before Tax,197459000.0,109275000.0,64251000.0,61909000.0,20090000.0,17753000.0,14530000.0,11328000.0,-10178000.0,-10904000.0
Income Tax Expense,41024000.0,53480000.0,21910000.0,22571000.0,7126000.0,5510000.0,4625000.0,3419000.0,-4240000.0,-4687000.0
Net Income - Non-Controlling int,0.0,0.0,0.0,0.0,0.0,0.0,0.0,0.0,0.0,0.0
Net Income - Discontinued ops,0.0,0.0,0.0,0.0,0.0,0.0,0.0,0.0,0.0,0.0
Net Income,156435000.0,55795000.0,42341000.0,39338000.0,12964000.0,12243000.0,9905000.0,7909000.0,-5938000.0,-6217000.0
Preferred Dividends,0.0,0.0,0.0,0.0,0.0,0.0,0.0,0.0,0.0,0.0
Net Income Com,156435000.0,55795000.0,42341000.0,39338000.0,12964000.0,12243000.0,9905000.0,7909000.0,-5938000.0,-6217000.0
EPS,1.78,0.97,0.89,0.87,0.32,0.41,0.33,0.26,-0.22,-0.47
EPS Diluted,1.76,0.95,0.88,0.85,0.31,0.41,0.33,0.26,-0.22,-0.47
Weighted Average Shs Out,87641220.0,57244698.0,47409142.0,45182224.0,40852002.0,30102777.0,30073959.0,30034573.0,30004761.0,25773229.0
Weighted Average Shs Out (Dil),88758853.0,58340813.0,48191523.0,45788632.0,41235552.0,30220127.0,30141863.0,30039187.0,27608211.0,17905042.0
Dividend per Share,0.404534294737,0.237878070023,0.15938487771,0.0694713919385,0.0414448192666,0.0398409973591,0.0399112689219,0.0399811086765,0.04,0.07
Gross Margin,0.683743061063,0.919479463196,0.888677888074,0.874759261357,0.714506741325,-2.31583880037,0.0,0.0,1.0,1.0
EBITDA Margin,20.3413957177,3.05898739325,3.16961588261,3.60640648012,4.63265306122,22.9531396439,0.0,0.0,-0.082,-0.139
EBIT Margin,15.6589214909,2.22193981293,1.84868364264,1.75339866319,1.48014440433,16.6382380506,0.0,0.0,-0.1224,-0.1886
Profit Margin,12.405630452,1.13450589671,1.21827075241,1.11413843888,0.955131511088,11.4742268041,0.0,0.0,-0.071,-0.108
Free Cash Flow margin,15.3400475813,0.462728751525,1.0572579485,1.21793927722,-0.0449421645915,8.9915651359,-0.441756842775,0.0,-0.0289,0.2096
EBITDA,256505000.0,150441000.0,110160000.0,127335000.0,62879000.0,24491000.0,-13384000.0,-4508000.0,-6828000.0,-8022000.0
EBIT,197459000.0,109275000.0,64251000.0,61909000.0,20090000.0,17753000.0,14530000.0,11328000.0,-10178000.0,-10904000.0
Consolidated Income,156435000.0,55795000.0,42341000.0,39338000.0,12964000.0,12243000.0,9905000.0,7909000.0,-5938000.0,-6217000.0
Earnings Before Tax Margin,15.6589214909,2.22193981293,1.84868364264,1.75339866319,1.48014440433,16.6382380506,0.0,0.0,-0.1224,-0.1886
Net Profit Margin,12.405630452,1.13450589671,1.21827075241,1.11413843888,0.955131511088,11.4742268041,0.0,0.0,-0.0714,-0.1075
