Date,2019-06-30,2018-06-30,2017-06-30,2016-06-30,2015-06-30,2014-06-30,2013-06-30,2012-06-30,2011-06-30,2010-06-30,2009-06-30
Revenue,248017000.0,217043000.0,204906000.0,178184000.0,181544000.0,136612000.0,103897000.0,0.0,78780000.0,64829000.0,56461000.0
Revenue Growth,0.0,0.0,0.0,0.0,0.0,0.0,0.0,0.0,0.215196902620741,0.148208497901206,0.0
Cost of Revenue,47680000.0,39484000.0,39441000.0,35421000.0,39520000.0,31041000.0,24382000.0,0.0,16277000.0,15003000.0,16194000.0
Gross Profit,200337000.0,177559000.0,165465000.0,142763000.0,142024000.0,105571000.0,79515000.0,0.0,62503000.0,49826000.0,40267000.0
R&D Expenses,33462000.0,26756000.0,22911000.0,25934000.0,30977000.0,21066000.0,15216000.0,0.0,8940000.0,10278000.0,14678000.0
SG&A Expense,167700000.0,148569000.0,144096000.0,162542000.0,143684000.0,117994000.0,86718000.0,0.0,62372000.0,62447000.0,59822000.0
Operating Expenses,201162000.0,175325000.0,167007000.0,198840000.0,174661000.0,139060000.0,101934000.0,0.0,71312000.0,72725000.0,74500000.0
Operating Income,-825000.0,2234000.0,-1542000.0,-56077000.0,-32637000.0,-33489000.0,-22419000.0,0.0,-8809000.0,-22899000.0,-34233000.0
Interest Expense,1684000.0,1717000.0,500000.0,0.0,23000.0,1034000.0,1345000.0,0.0,2316000.0,1005000.0,-2338000.0
Earnings before Tax,-65000.0,1844000.0,-1706000.0,0.0,0.0,0.0,0.0,0.0,-11125000.0,-23904000.0,-31895000.0
Income Tax Expense,190000.0,132000.0,86000.0,0.0,0.0,0.0,0.0,0.0,0.0,0.0,0.0
Net Income - Non-Controlling int,0.0,0.0,0.0,0.0,0.0,0.0,0.0,0.0,0.0,0.0,0.0
Net Income - Discontinued ops,0.0,0.0,0.0,0.0,0.0,0.0,0.0,0.0,0.0,0.0,0.0
Net Income,-255000.0,1712000.0,-1792000.0,-56024000.0,-32822000.0,-35290000.0,-24037000.0,0.0,-11125000.0,-23904000.0,-31895000.0
Preferred Dividends,0.0,0.0,0.0,0.0,0.0,0.0,0.0,0.0,0.0,0.0,-22781000.0
Net Income Com,-255000.0,1712000.0,-1792000.0,-56024000.0,-32822000.0,-35290000.0,-24037000.0,0.0,-11125000.0,-23904000.0,-9114000.0
EPS,-0.01,0.05,-0.06,-1.72,-1.04,-1.25,-1.11,0.0,-0.7,-1.62,-1.13
EPS Diluted,-0.01,0.05,-0.06,-1.72,-1.04,-1.25,-1.11,0.0,-0.7,-1.62,-1.13
Weighted Average Shs Out,33535759.0,33145140.0,32373709.0,32537621.0,31547711.0,28295758.0,21685932.0,0.0,16218170.0,15002150.0,8068689.0
Weighted Average Shs Out (Dil),33535759.0,33614260.0,32373709.0,32537621.0,31547711.0,28295758.0,21685932.0,0.0,15915800.0,14748293.0,8068689.0
Dividend per Share,0.0,0.0,0.0,0.0,0.0,0.0,0.0,0.0,0.0,0.0,0.0
Gross Margin,0.807755113561,0.818082131191,0.807516617376,0.801211107619,0.782311726083,0.772779843645,0.76532527407,0.0,0.7934,0.7686,0.7132
EBITDA Margin,0.0107895829721,0.0284183318513,0.0126545830771,-0.292731109415,-0.16698982065,-0.234130237461,-0.206983839764,0.0,-0.103,-0.345,-0.599
EBIT Margin,-0.00332638488491,0.0102928912704,-0.0075254018916,-0.314714003502,-0.179774600097,-0.245139519222,-0.215781013889,0.0,-0.1118,-0.3532,-0.6063
Profit Margin,-0.00102815532806,0.00788783789387,-0.00874547353421,-0.314416558165,-0.180793636804,-0.258322841332,-0.231354129571,0.0,-0.141,-0.369,-0.161
Free Cash Flow margin,0.0304132378022,0.0355597738697,0.0908074922159,-0.153779239438,-0.235105539153,-0.289542646327,-0.119705092544,0.0,-0.1199,-0.2215,-0.5432
EBITDA,2676000.0,6168000.0,2593000.0,-52160000.0,-30316000.0,-31985000.0,-21505000.0,0.0,-8147000.0,-22351000.0,-33816000.0
EBIT,-825000.0,2234000.0,-1542000.0,-56077000.0,-32637000.0,-33489000.0,-22419000.0,0.0,-8809000.0,-22899000.0,-34233000.0
Consolidated Income,-255000.0,1712000.0,-1792000.0,-56024000.0,-32822000.0,-35290000.0,-24037000.0,0.0,-11125000.0,-23904000.0,-31895000.0
Earnings Before Tax Margin,-0.000262078809114,0.00849601231092,-0.00832576888915,0.0,0.0,0.0,0.0,0.0,-0.1412,-0.3687,-0.5649
Net Profit Margin,-0.00102815532806,0.00788783789387,-0.00874547353421,-0.314416558165,-0.180793636804,-0.258322841332,-0.231354129571,0.0,-0.1412,-0.3687,-0.5649
