Date,2019-03-31,2018-03-31,2017-03-31,2016-03-31,2015-03-31,2014-03-31,2013-03-31,2012-03-31,2011-03-31,2010-03-31
Revenue,382263000.0,361896000.0,322431000.0,317017000.0,313044000.0,320459000.0,364193000.0,0.0,383660000.0,375711000.0
Revenue Growth,0.0562785993766165,0.122398280562353,0.0170779485011845,0.0126915066252667,-0.0231386854480604,-0.120084680375515,0.0,-1,0.0211572192456436,-0.2212
Cost of Revenue,292973000.0,269067000.0,209398000.0,214746000.0,211342000.0,217303000.0,0.0,0.0,269082000.0,266310000.0
Gross Profit,89290000.0,92829000.0,113033000.0,102271000.0,101702000.0,103156000.0,0.0,0.0,114578000.0,109401000.0
R&D Expenses,0.0,0.0,0.0,0.0,0.0,0.0,0.0,0.0,0.0,0.0
SG&A Expense,113349000.0,105201000.0,83375000.0,76047000.0,75062000.0,75204000.0,0.0,0.0,86198000.0,87068000.0
Operating Expenses,113349000.0,105201000.0,83346000.0,76047000.0,75062000.0,75204000.0,0.0,0.0,86389000.0,131101000.0
Operating Income,-42471000.0,-45730000.0,29687000.0,26641000.0,26641000.0,18769000.0,15227000.0,0.0,28189000.0,-21700000.0
Interest Expense,3459000.0,904000.0,298000.0,288000.0,281000.0,283000.0,0.0,0.0,1348000.0,1885000.0
Earnings before Tax,-45441000.0,-46059000.0,29687000.0,26641000.0,26641000.0,18112000.0,22637000.0,0.0,15258000.0,-28340000.0
Income Tax Expense,8104000.0,-9539000.0,1183000.0,9405000.0,9687000.0,9136000.0,10260000.0,0.0,9647000.0,-4601000.0
Net Income - Non-Controlling int,0.0,0.0,0.0,0.0,0.0,0.0,0.0,0.0,0.0,0.0
Net Income - Discontinued ops,0.0,0.0,0.0,0.0,0.0,0.0,0.0,0.0,11583000.0,4755000.0
Net Income,-53545000.0,-36520000.0,28504000.0,17236000.0,16954000.0,18769000.0,15227000.0,0.0,5611000.0,-23739000.0
Preferred Dividends,0.0,0.0,0.0,0.0,0.0,0.0,0.0,0.0,0.0,0.0
Net Income Com,-53545000.0,-36520000.0,28504000.0,17236000.0,16954000.0,18769000.0,15227000.0,0.0,5611000.0,-23739000.0
EPS,-5.97,-4.01,3.14,1.88,1.82,2.0,1.59,0.0,0.58,-2.46
EPS Diluted,-5.97,-4.01,3.13,1.87,1.8,1.99,1.59,0.0,0.58,-2.46
Weighted Average Shs Out,8964000.0,9108000.0,9074000.0,9147000.0,9326000.0,9389000.0,9562000.0,0.0,9733405.0,9668306.0
Weighted Average Shs Out (Dil),8964000.0,9108000.0,9115000.0,9239000.0,9410000.0,9436000.0,9568000.0,0.0,9703000.0,9637000.0
Dividend per Share,0.800870147256,0.800724637681,0.797915523862,0.732113865137,0.624654622742,0.59739296312,0.598975752508,0.0,0.6,0.6
Gross Margin,0.233582638131,0.25650739439,0.35056492707,0.322604150566,0.324880847421,0.321900773578,0.0,0.0,0.2986,0.2912
EBITDA Margin,-0.046624967627,-0.0477844463603,0.118971190735,0.11128109849,0.111016342751,0.0821072274456,0.0418102489614,0.0,0.068,-0.043
EBIT Margin,-0.111104135111,-0.126362269823,0.0920724123921,0.0840365027743,0.085103052606,0.0585691149258,0.0418102489614,0.0,0.0433,-0.0704
Profit Margin,-0.140073718879,-0.100912969472,0.0884034103421,0.0543693240426,0.0541585208469,0.0585691149258,0.0418102489614,0.0,0.015,-0.063
Free Cash Flow margin,-0.0251057517992,0.0665301633618,0.0307476638413,0.0274811760883,0.0928527619121,0.0711666703073,0.0,0.0,0.0725,0.1174
EBITDA,-17823000.0,-17293000.0,38360000.0,35278000.0,34753000.0,26312000.0,15227000.0,0.0,25964000.0,-16289000.0
EBIT,-42471000.0,-45730000.0,29687000.0,26641000.0,26641000.0,18769000.0,15227000.0,0.0,16606000.0,-26455000.0
Consolidated Income,-53545000.0,-36520000.0,28504000.0,17236000.0,16954000.0,18769000.0,15227000.0,0.0,5611000.0,-23739000.0
Earnings Before Tax Margin,-0.118873655049,-0.127271370781,0.0920724123921,0.0840365027743,0.085103052606,0.0565189306588,0.0621566037788,0.0,0.0398,-0.0754
Net Profit Margin,-0.140073718879,-0.100912969472,0.0884034103421,0.0543693240426,0.0541585208469,0.0585691149258,0.0418102489614,0.0,0.0146,-0.0632
