Date,2018-12-31,2017-12-31,2016-12-31,2015-12-31,2014-12-31,2013-12-31,2012-12-31,2011-12-31,2010-12-31,2009-12-31
Revenue,187940000.0,178389000.0,173590000.0,170406000.0,168396000.0,175423000.0,168641000.0,162025000.0,143696000.0,129462000.0
Revenue Growth,0.0535,0.0276,0.0187,0.0119,-0.0401,0.0402,0.0408,0.1276,0.1099,0.1361
Cost of Revenue,0.0,0.0,0.0,0.0,0.0,0.0,0.0,0.0,0.0,0.0
Gross Profit,187940000.0,178389000.0,173590000.0,170406000.0,168396000.0,175423000.0,168641000.0,162025000.0,143696000.0,129462000.0
R&D Expenses,0.0,0.0,0.0,0.0,0.0,0.0,0.0,0.0,0.0,0.0
SG&A Expense,99477000.0,93340000.0,91118000.0,88625000.0,90646000.0,94121000.0,87911000.0,85312000.0,83750000.0,79691000.0
Operating Expenses,117398000.0,109878000.0,107126000.0,105443000.0,105999000.0,110251000.0,103554000.0,106387000.0,96050000.0,93801000.0
Operating Income,70542000.0,68511000.0,66464000.0,64963000.0,62397000.0,65172000.0,65087000.0,55638000.0,47646000.0,35661000.0
Interest Expense,0.0,0.0,0.0,0.0,0.0,0.0,0.0,0.0,0.0,0.0
Earnings before Tax,70542000.0,68511000.0,66464000.0,64963000.0,62397000.0,65172000.0,65087000.0,55638000.0,47646000.0,35661000.0
Income Tax Expense,11314000.0,17018000.0,19118000.0,18531000.0,19146000.0,20000000.0,20225000.0,16811000.0,14612000.0,10602000.0
Net Income - Non-Controlling int,0.0,0.0,0.0,0.0,0.0,0.0,0.0,0.0,0.0,0.0
Net Income - Discontinued ops,0.0,0.0,0.0,0.0,0.0,0.0,0.0,0.0,0.0,0.0
Net Income,59228000.0,51493000.0,47346000.0,46432000.0,43251000.0,45172000.0,44862000.0,38827000.0,33034000.0,25059000.0
Preferred Dividends,0.0,0.0,0.0,0.0,0.0,0.0,0.0,0.0,0.0,0.0
Net Income Com,59228000.0,51493000.0,47346000.0,46432000.0,43251000.0,45172000.0,44862000.0,38827000.0,33034000.0,25059000.0
EPS,3.35,2.92,2.7,2.66,2.5,2.63,2.64,2.309,1.973,1.509
EPS Diluted,3.35,2.92,2.7,2.66,2.49,2.62,2.63,2.3,1.964,1.5
Weighted Average Shs Out,17732578.0,17692733.0,17619010.0,17519343.0,17437297.0,17383664.0,17173603.0,16970995.0,16775164.0,16671848.0
Weighted Average Shs Out (Dil),17687000.0,17631000.0,17548000.0,17431000.0,17326000.0,17158000.0,17013000.0,16844300.0,16757400.0,16671848.0
Dividend per Share,1.38,1.3,1.26,1.22,4.532,1.155,1.136,1.118,1.1,1.091
Gross Margin,1.0,1.0,1.0,1.0,1.0,1.0,1.0,1.0,1.0,1.0
EBITDA Margin,0.395,0.407,0.405,0.404,0.396,0.398,0.412,0.369,0.362,0.316
EBIT Margin,0.3753,0.3841,0.3829,0.3812,0.3705,0.3715,0.386,0.3434,0.3316,0.2755
Profit Margin,0.315,0.289,0.273,0.272,0.257,0.258,0.266,0.24,0.23,0.194
Free Cash Flow margin,0.3339,0.3362,0.3338,0.3109,0.3298,0.5054,0.3184,0.3795,0.4098,0.274
EBITDA,74328000.0,72518000.0,70368000.0,68895000.0,66711000.0,69734000.0,69411000.0,59854000.0,52023000.0,40900000.0
EBIT,70542000.0,68511000.0,66464000.0,64963000.0,62397000.0,65172000.0,65087000.0,55638000.0,47646000.0,35661000.0
Consolidated Income,59228000.0,51493000.0,47346000.0,46432000.0,43251000.0,45172000.0,44862000.0,38827000.0,33034000.0,25059000.0
Earnings Before Tax Margin,0.3753,0.3841,0.3829,0.3812,0.3705,0.3715,0.386,0.3434,0.3316,0.2755
Net Profit Margin,0.3151,0.2887,0.2727,0.2725,0.2568,0.2575,0.266,0.2396,0.2299,0.1936
