Date,2018-12-31,2017-12-31,2016-12-31,2015-12-31,2014-12-31,2013-12-31,2012-12-31,2011-12-31,2010-12-31,2009-12-31
Revenue,124836000.0,113849000.0,105316000.0,103088000.0,101543000.0,98957000.0,92561000.0,0.0,66408000.0,59391000.0
Revenue Growth,0.0965050198069373,0.0810228265410764,0.0216126028247711,0.0152152290162788,0.0261325626282123,0.069100377048649,0.0,-1,0.118149214527454,-0.0307
Cost of Revenue,0.0,0.0,0.0,0.0,0.0,0.0,0.0,0.0,33105000.0,32181000.0
Gross Profit,0.0,0.0,0.0,0.0,0.0,0.0,0.0,0.0,33303000.0,27210000.0
R&D Expenses,0.0,0.0,0.0,0.0,0.0,0.0,0.0,0.0,0.0,0.0
SG&A Expense,0.0,0.0,0.0,0.0,0.0,0.0,0.0,0.0,0.0,0.0
Operating Expenses,67359000.0,62189000.0,57293000.0,60858000.0,57115000.0,56386000.0,51711000.0,0.0,14145000.0,12356000.0
Operating Income,37179000.0,34229000.0,28949000.0,27439000.0,25997000.0,22849000.0,20421000.0,16407000.0,19158000.0,14854000.0
Interest Expense,0.0,0.0,0.0,0.0,0.0,0.0,0.0,0.0,5412000.0,4330000.0
Earnings before Tax,0.0,0.0,0.0,0.0,0.0,0.0,0.0,0.0,15121000.0,12675000.0
Income Tax Expense,-2008000.0,-1993000.0,2570000.0,-818000.0,3596000.0,5944000.0,6422000.0,6966000.0,5323000.0,2466000.0
Net Income - Non-Controlling int,0.0,0.0,0.0,0.0,0.0,0.0,0.0,0.0,0.0,0.0
Net Income - Discontinued ops,0.0,0.0,0.0,0.0,0.0,0.0,0.0,0.0,0.0,0.0
Net Income,16695000.0,25054000.0,23387000.0,22761000.0,21319000.0,18269000.0,13640000.0,11300000.0,9798000.0,10209000.0
Preferred Dividends,10000.0,38000.0,38000.0,38000.0,38000.0,38000.0,38000.0,38000.0,38000.0,38000.0
Net Income Com,16695000.0,25054000.0,23387000.0,22761000.0,21319000.0,18269000.0,13640000.0,11300000.0,9760000.0,10171000.0
EPS,1.4,2.17,2.12,2.07,1.95,1.68,1.55,1.31,1.14,1.2
EPS Diluted,1.38,2.13,2.08,2.04,1.92,1.66,1.53,1.29,1.13,1.19
Weighted Average Shs Out,11914000.0,11540000.0,11009000.0,10958000.0,10893000.0,10827000.0,8763000.0,8610000.0,8653619.0,8541346.0
Weighted Average Shs Out (Dil),12065000.0,11762000.0,11228000.0,11164000.0,11091000.0,10996000.0,8900000.0,8720000.0,8532000.0,8448000.0
Dividend per Share,1.23572316618,1.18347219861,1.117919487,1.05275886779,1.01217203138,0.981811567843,0.955617977528,0.944266055046,0.92,0.9
Gross Margin,0.0,0.0,0.0,0.0,0.0,0.0,0.0,0.0,0.5015,0.4582
EBITDA Margin,0.482625204268,0.460812128345,0.406908731817,0.391548967872,0.38089282373,0.346989096274,0.332137725392,0.0,0.428,0.407
EBIT Margin,0.297822743439,0.30065261882,0.274877511489,0.266170650318,0.256019617305,0.230898268945,0.220622076252,0.0,0.3092,0.2863
Profit Margin,0.133735460925,0.220063417333,0.222065023358,0.220791944746,0.209950464335,0.184615540083,0.14736228001,0.0,0.147,0.171
Free Cash Flow margin,-0.189208241212,-0.14412950487,-0.316836947852,-0.066729396244,-0.152280314744,0.111634346231,0.00729248819697,0.0,-0.1469,-0.1243
EBITDA,60249000.0,52463000.0,42854000.0,40364000.0,38677000.0,34337000.0,30743000.0,25804000.0,28427000.0,24171000.0
EBIT,37179000.0,34229000.0,28949000.0,27439000.0,25997000.0,22849000.0,20421000.0,16407000.0,20533000.0,17005000.0
Consolidated Income,16695000.0,25054000.0,23387000.0,22761000.0,21319000.0,18269000.0,13640000.0,11300000.0,9798000.0,10209000.0
Earnings Before Tax Margin,0.0,0.0,0.0,0.0,0.0,0.0,0.0,0.0,0.2277,0.2134
Net Profit Margin,0.133735460925,0.220063417333,0.222065023358,0.220791944746,0.209950464335,0.184615540083,0.14736228001,0.0,0.1475,0.1719
