Date,2018-12-31,2017-12-31,2016-12-31,2015-12-31,2014-12-31,2013-12-31,2012-12-31,2011-12-31,2010-12-31,2009-12-31
Revenue,72977000.0,68225000.0,61021000.0,49562000.0,40062000.0,41282000.0,36479000.0,36578000.0,31641000.0,29443000.0
Revenue Growth,0.0697,0.1181,0.2312,0.2371,-0.0296,0.1317,-0.0027,0.156,0.0747,0.0343
Cost of Revenue,0.0,0.0,0.0,0.0,0.0,0.0,0.0,0.0,0.0,0.0
Gross Profit,72977000.0,68225000.0,61021000.0,49562000.0,40062000.0,41282000.0,36479000.0,36578000.0,31641000.0,29443000.0
R&D Expenses,0.0,0.0,0.0,0.0,0.0,0.0,0.0,0.0,0.0,0.0
SG&A Expense,36092000.0,33811000.0,30176000.0,28756000.0,28141000.0,24483000.0,21372000.0,22296000.0,21595000.0,20609000.0
Operating Expenses,45068000.0,44406000.0,38922000.0,36016000.0,35338000.0,31685000.0,27274000.0,28240000.0,28731000.0,27531000.0
Operating Income,27909000.0,23819000.0,22099000.0,13546000.0,4724000.0,9597000.0,9205000.0,8338000.0,2910000.0,1912000.0
Interest Expense,0.0,0.0,0.0,0.0,0.0,0.0,0.0,0.0,0.0,0.0
Earnings before Tax,27909000.0,23819000.0,22099000.0,13546000.0,4724000.0,9597000.0,9205000.0,8338000.0,2910000.0,1912000.0
Income Tax Expense,6620000.0,9793000.0,6917000.0,2582000.0,-570000.0,1347000.0,1685000.0,1861000.0,-369000.0,-676000.0
Net Income - Non-Controlling int,0.0,0.0,0.0,0.0,0.0,0.0,0.0,0.0,0.0,0.0
Net Income - Discontinued ops,0.0,0.0,0.0,0.0,0.0,0.0,0.0,0.0,0.0,0.0
Net Income,21289000.0,14026000.0,15182000.0,10964000.0,5294000.0,8250000.0,7520000.0,6477000.0,3279000.0,2588000.0
Preferred Dividends,0.0,0.0,0.0,0.0,0.0,350000.0,350000.0,486000.0,395000.0,365000.0
Net Income Com,21289000.0,14026000.0,15182000.0,10964000.0,5294000.0,7900000.0,7170000.0,5991000.0,2884000.0,2223000.0
EPS,1.55,1.12,1.34,1.0,0.48,0.77,0.75,0.63,0.31,0.29
EPS Diluted,1.54,1.1,1.33,1.0,0.48,0.77,0.75,0.63,0.31,0.28
Weighted Average Shs Out,13796549.0,13581261.0,12140705.0,10993463.0,10979790.0,10914680.0,9598846.0,9547816.0,9368016.0,7664802.0
Weighted Average Shs Out (Dil),13796549.0,13581261.0,12140705.0,10993463.0,10979790.0,10914680.0,9598846.0,9547816.0,9368016.0,7664802.0
Dividend per Share,0.31,0.24,0.24,0.18,0.2,0.2,0.05,0.0,0.0,0.0
Gross Margin,1.0,1.0,1.0,1.0,1.0,1.0,1.0,1.0,1.0,1.0
EBITDA Margin,0.482,0.484,0.495,0.439,0.325,0.462,0.466,0.34,0.164,0.064
EBIT Margin,0.3824,0.3491,0.3622,0.2733,0.1179,0.2325,0.2523,0.228,0.092,0.0649
Profit Margin,0.292,0.206,0.249,0.221,0.132,0.191,0.197,0.164,0.091,0.076
Free Cash Flow margin,0.399,0.357,0.199,0.3385,0.4042,0.3495,0.1621,0.5287,0.4294,0.2033
EBITDA,35171000.0,33001000.0,30189000.0,21766000.0,13013000.0,19057000.0,17013000.0,12425000.0,5203000.0,1897000.0
EBIT,27909000.0,23819000.0,22099000.0,13546000.0,4724000.0,9597000.0,9205000.0,8338000.0,2910000.0,1912000.0
Consolidated Income,21289000.0,14026000.0,15182000.0,10964000.0,5294000.0,8250000.0,7520000.0,6477000.0,3279000.0,2588000.0
Earnings Before Tax Margin,0.3824,0.3491,0.3622,0.2733,0.1179,0.2325,0.2523,0.228,0.092,0.0649
Net Profit Margin,0.2917,0.2056,0.2488,0.2212,0.1321,0.1998,0.2061,0.1771,0.1036,0.0879
