date,,2020-12-31_FY,2019-12-31_FY,2018-12-31_FY,2017-12-31_FY,2016-12-31_FY,2015-12-31_FY,2014-12-31_FY,2013-12-31_FY,2012-12-31_FY,2011-12-31_FY,2010-12-31_FY,2009-12-31_FY,2008-12-31_FY,2007-12-31_FY,2006-12-31_FY,2005-12-31_FY,2004-12-31_FY,2003-12-31_FY,2002-12-31_FY,2001-12-31_FY,2000-12-31_FY
,revenue,717699000.0,901238000.0,897737000.0,755231000.0,662112000.0,825341000.0,839743000.0,747718000.0,857916000.0,832022000.0,597779000.0,458569000.0,763489000.0,696786000.0,918751000.0,754481000.0,380445000.0,287579000.0,298678000.0,271226000.0,244963000.0
,costOfRevenue,643623000.0,796101000.0,768885000.0,662666000.0,574882000.0,714519000.0,732055000.0,667989000.0,741378000.0,716430000.0,522982000.0,448912000.0,689284000.0,620145000.0,768913000.0,620031000.0,309696000.0,237884000.0,249181000.0,229593000.0,208083000.0
,grossProfit,74076000.0,105137000.0,128852000.0,92565000.0,87230000.0,110822000.0,107688000.0,79729000.0,116538000.0,115592000.0,74797000.0,9657000.0,74205000.0,76641000.0,149838000.0,134450000.0,70749000.0,49695000.0,49497000.0,41633000.0,36880000.0
,grossProfitRatio,0.103213185471904,0.116658418752871,0.143529786563325,0.122565148941185,0.131745082402977,0.134274196968283,0.12823923509931,0.10662977218684,0.135838473696726,0.138929018703832,0.125124837105352,0.0210589900320344,0.097191970021834,0.109992164021665,0.163088802080215,0.178201969300751,0.185963805543508,0.172804690189478,0.16572027400746,0.153499295790227,0.150553348873095
,,,,,,,,,,,,,,,,,,,,,,,,,,,,,,,,,,,,,,,,,,,,,,,,,,,,,,,,,,,,,,,,,,,,,,,,,,,,,,,,,,,,,,,,,,,,,,,,,,,,,
COST And EXPENSES,,,,,,,,,,,,,,,,,,,,,,,,,,,,,,,,,,,,,,,,,,,,,,,,,,,,,,,,,,,,,,,,,,,,,,,,,,,,,,,,,,,,,,,,,,,,,,,,,,,,,
,ResearchAndDevelopmentExpenses,0.0,0.0,0.0,0.0,0.0,0.0,0.0,0.0,0.0,0.0,0.0,0.0,0.0,0.0,0.0,0.0,0.0,0.0,0.0,0.0,0.0
,GeneralAndAdministrativeExpenses,64794000.0,62549000.0,60679000.0,59800000.0,60542000.0,71469000.0,72480000.0,71711000.0,71949000.0,65521000.0,56111000.0,47874000.0,62764000.0,55493000.0,51950000.0,44564000.0,28985000.0,24281000.0,23952000.0,0.0,21569000.0
,SellingAndMarketingExpenses,0.0,0.0,0.0,0.0,0.0,0.0,0.0,0.0,0.0,0.0,0.0,0.0,0.0,0.0,0.0,0.0,0.0,0.0,0.0,0.0,0.0
,otherExpenses,-728000.0,-2225000.0,1311000.0,1349000.0,769000.0,152000.0,-215000.0,-139000.0,-69000.0,0.0,0.0,0.0,0.0,0.0,0.0,0.0,0.0,0.0,0.0,0.0,0.0
,operatingExpenses,68228000.0,64501000.0,61979000.0,61120000.0,61847000.0,72796000.0,73995000.0,73291000.0,72442000.0,65867000.0,56351000.0,48263000.0,64143000.0,56387000.0,52364000.0,44922000.0,39217000.0,24466000.0,24074000.0,0.0,29855000.0
,costAndExpenses,711851000.0,860602000.0,830864000.0,723786000.0,636729000.0,787315000.0,806050000.0,741280000.0,813820000.0,782297000.0,579333000.0,497175000.0,753427000.0,676532000.0,821277000.0,664953000.0,348913000.0,262350000.0,273255000.0,229593000.0,237938000.0
,interestExpense,20603000.0,16855000.0,14676000.0,19149000.0,19318000.0,21359000.0,20716000.0,21087000.0,20945000.0,19570000.0,16834000.0,15133000.0,15389000.0,14147000.0,14829000.0,13195000.0,7244000.0,9796000.0,12940000.0,14885000.0,12396000.0
,,,,,,,,,,,,,,,,,,,,,,,,,,,,,,,,,,,,,,,,,,,,,,,,,,,,,,,,,,,,,,,,,,,,,,,,,,,,,,,,,,,,,,,,,,,,,,,,,,,,,
EBITDA,,,,,,,,,,,,,,,,,,,,,,,,,,,,,,,,,,,,,,,,,,,,,,,,,,,,,,,,,,,,,,,,,,,,,,,,,,,,,,,,,,,,,,,,,,,,,,,,,,,,,
,depreciationAndAmortization,3434000.0,1952000.0,1300000.0,1320000.0,1305000.0,1327000.0,1515000.0,1580000.0,493000.0,346000.0,240000.0,389000.0,1379000.0,894000.0,414000.0,358000.0,107000.0,185000.0,122000.0,0.0,2725000.0
,EBITDA,9282000.0,42588000.0,68173000.0,32765000.0,26688000.0,39353000.0,35208000.0,8018000.0,44589000.0,50071000.0,18686000.0,-38217000.0,11441000.0,21148000.0,97888000.0,89886000.0,31639000.0,25414000.0,25545000.0,42082000.0,9750000.0
,EBITDARatio,0.0129329983739701,0.0472549981248017,0.0759387214741066,0.0433840771896281,0.0403073800202987,0.0476808979561175,0.0419271134144613,0.0107232940761089,0.051973619794945,0.0601798990892068,0.0312590438941482,-0.0833396936993124,0.0149851536826333,0.0303507820191565,0.1065446459378,0.11913620091162,0.0831631379042963,0.0883722385848758,0.0855268884886065,0.15515474180204,0.0398019292709511
,,,,,,,,,,,,,,,,,,,,,,,,,,,,,,,,,,,,,,,,,,,,,,,,,,,,,,,,,,,,,,,,,,,,,,,,,,,,,,,,,,,,,,,,,,,,,,,,,,,,,
INCOME,,,,,,,,,,,,,,,,,,,,,,,,,,,,,,,,,,,,,,,,,,,,,,,,,,,,,,,,,,,,,,,,,,,,,,,,,,,,,,,,,,,,,,,,,,,,,,,,,,,,,
,operatingIncome,5848000.0,40636000.0,66873000.0,31445000.0,25383000.0,38026000.0,33693000.0,6438000.0,44096000.0,49725000.0,18446000.0,-38606000.0,10062000.0,20254000.0,97474000.0,89528000.0,31532000.0,25229000.0,25423000.0,41633000.0,7025000.0
,operatingIncomeRatio,0.00814826271180537,0.0450890885648408,0.0744906358989325,0.0416362675790586,0.0383364143830651,0.0460730776733496,0.0401229900100388,0.00861019796233339,0.0513989714610754,0.0597640447007411,0.0308575577261831,-0.0841879847961812,0.0131789717992008,0.0290677482038962,0.106094034183364,0.118661702547844,0.0828818883149995,0.0877289370920686,0.0851184218455996,0.153499295790227,0.0286778003208648
,totalOtherIncomeExpensesNet,-29745000.0,-2225000.0,1311000.0,1349000.0,769000.0,152000.0,-215000.0,-139000.0,-69000.0,-8470000.0,3050000.0,-44095000.0,-215401000.0,-10943000.0,3150000.0,2216000.0,-10483000.0,-6202000.0,-1098000.0,-449000.0,-10441000.0
,incomeBeforeTax,-44500000.0,21556000.0,53508000.0,13645000.0,6834000.0,16819000.0,12762000.0,-14788000.0,23082000.0,21685000.0,4662000.0,-97834000.0,-220728000.0,-4836000.0,85795000.0,78549000.0,23930000.0,9231000.0,11385000.0,3057000.0,-3416000.0
,incomeBeforeTaxRatio,-0.0620037090758103,0.0239182102840759,0.0596032022741627,0.0180673198001671,0.0103215166014209,0.0203782436592875,0.0151975068562644,-0.0197775097028559,0.0269047319317975,0.0260630127568742,0.00779886881272176,-0.213346301210941,-0.28910436168694,-0.00694043795369023,0.093382211284668,0.104109977587242,0.0629000249707579,0.0320990058383957,0.0381179732019098,0.0112710433365533,-0.0139449631168789
,incomeTaxExpense,-7451000.0,5778000.0,8996000.0,15350000.0,49000.0,9758000.0,5131000.0,-2337000.0,-26948000.0,3095000.0,-1825000.0,-16299000.0,-13969000.0,-1585000.0,27745000.0,29138000.0,6481000.0,5267000.0,5235000.0,5072000.0,-2550000.0
,netIncome,-37049000.0,15778000.0,44512000.0,-1705000.0,6785000.0,7060000.0,7630000.0,-12445000.0,50077000.0,18605000.0,6487000.0,-81535000.0,-206759000.0,-3251000.0,58050000.0,49411000.0,17449000.0,3964000.0,-45480000.0,-2015000.0,-866000.0
,netIncomeRatio,-0.0516219194954988,0.0175070292198065,0.0495824500939585,-0.00225758741365225,0.0102475109951187,0.00855404008767285,0.00908611325131618,-0.0166439754024913,0.058370516460819,0.0223611875647519,0.0108518365482896,-0.177803122321832,-0.270808092847441,-0.00466570797920739,0.0631836046981173,0.065490052102041,0.0458647110620458,0.0137840384729066,-0.152271007573373,-0.00742922876125445,-0.00353522776909166
,,,,,,,,,,,,,,,,,,,,,,,,,,,,,,,,,,,,,,,,,,,,,,,,,,,,,,,,,,,,,,,,,,,,,,,,,,,,,,,,,,,,,,,,,,,,,,,,,,,,,
EPS,,,,,,,,,,,,,,,,,,,,,,,,,,,,,,,,,,,,,,,,,,,,,,,,,,,,,,,,,,,,,,,,,,,,,,,,,,,,,,,,,,,,,,,,,,,,,,,,,,,,,
,EPS,-1.2,0.52,1.47,-0.06,0.22976633931595,0.241706323393475,0.263776533222706,-0.44,1.77,0.67,0.25,-3.74,-9.58,-0.15,2.74,2.54,1.13,0.29,-3.28921674983728,-0.15,-0.09
,EPSDiluted,-1.2,0.51,1.46,-0.06,0.227090166677823,0.240144222592605,0.262046227289899,-0.44,1.76,0.66,0.24,-3.74,-9.58,-0.15,2.69,2.51,1.12,0.29,-3.26255380200861,-0.15,-0.09
,weightedAverageShsOut,30943000.0,30602000.0,30277000.0,29942000.0,29530000.0,29209000.0,28926000.0,28584000.0,28230000.0,27848000.0,26247000.0,21811000.0,21579000.0,21439000.0,21151000.0,19453150.0,15441593.0,13668966.0,13827000.0,13893000.0,9622222.0
,weightedAverageShsOutDil,30943000.0,30823000.0,30587000.0,29942000.0,29878000.0,29399000.0,29117000.0,28584000.0,28428000.0,28190000.0,26994000.0,21811000.0,21579000.0,21439000.0,21545000.0,19685657.0,15579464.0,13668966.0,13940000.0,13893000.0,9622222.0
