date,,2020-03-31_FY,2019-03-31_FY,2018-03-31_FY,2017-03-31_FY,2016-03-31_FY,2015-03-31_FY,2014-03-31_FY,2013-12-31_FY,2012-12-31_FY,2011-12-31_FY,2010-12-31_FY,2009-12-31_FY,2008-12-31_FY,2007-12-31_FY,2006-12-31_FY,2005-12-31_FY,2004-12-31_FY,2003-12-31_FY,2002-12-31_FY,2001-12-31_FY,2000-12-31_FY,1999-12-31_FY,1998-12-31_FY,1997-12-31_FY,1996-12-31_FY,1995-12-31_FY,1994-12-31_FY,1993-12-31_FY
,revenue,2132689000.0,2020437000.0,1903339000.0,1790147000.0,1875197000.0,1817057000.0,1851300000.0,1556618000.0,1414398000.0,1377283000.0,1000989000.0,813177000.0,689445000.0,448929000.0,304423000.0,264760000.0,214787000.0,121055000.0,99107000.0,91461000.0,113738000.0,109700000.0,102200000.0,106700000.0,101800000.0,102300000.0,85800000.0,57100000.0
,costOfRevenue,1029016000.0,980187000.0,971697000.0,954912000.0,1028529000.0,938949000.0,970600000.0,820135000.0,782244000.0,698288000.0,498051000.0,442087000.0,384127000.0,241458000.0,163224000.0,153238000.0,124354000.0,69710000.0,57577000.0,52903000.0,60600000.0,61400000.0,63000000.0,60000000.0,58700000.0,64200000.0,43200000.0,26800000.0
,grossProfit,1103673000.0,1040250000.0,931642000.0,835235000.0,846668000.0,878108000.0,880700000.0,736483000.0,632154000.0,678995000.0,502938000.0,371090000.0,305318000.0,207471000.0,141199000.0,111522000.0,90433000.0,51345000.0,41530000.0,38558000.0,53138000.0,48300000.0,39200000.0,46700000.0,43100000.0,38100000.0,42600000.0,30300000.0
,grossProfitRatio,0.517503020834261,0.514863863609704,0.489477702080397,0.466573415479287,0.451508828139124,0.483258367789233,0.475719764489818,0.473130209209967,0.446942091264269,0.492995992835169,0.502441085766177,0.456345912390537,0.442846057335973,0.462146575516396,0.463825006651928,0.421219217404442,0.421035723763542,0.424146049316426,0.419042045466011,0.42157859634161,0.467196539415147,0.440291704649043,0.383561643835616,0.43767572633552,0.423379174852652,0.372434017595308,0.496503496503497,0.530647985989492
,,,,,,,,,,,,,,,,,,,,,,,,,,,,,,,,,,,,,,,,,,,,,,,,,,,,,,,,,,,,,,,,,,,,,,,,,,,,,,,,,,,,,,,,,,,,,,,,,,,,,
COST And EXPENSES,,,,,,,,,,,,,,,,,,,,,,,,,,,,,,,,,,,,,,,,,,,,,,,,,,,,,,,,,,,,,,,,,,,,,,,,,,,,,,,,,,,,,,,,,,,,,,,,,,,,,
,ResearchAndDevelopmentExpenses,0.0,0.0,0.0,0.0,0.0,0.0,0.0,0.0,0.0,0.0,0.0,0.0,0.0,0.0,0.0,0.0,0.0,0.0,0.0,0.0,0.0,0.0,0.0,0.0,0.0,0.0,0.0,0.0
,GeneralAndAdministrativeExpenses,765538000.0,712930000.0,709058000.0,837154000.0,684541000.0,653689000.0,673300000.0,528586000.0,445206000.0,394157000.0,253850000.0,188843000.0,152574000.0,101918000.0,73989000.0,59254000.0,47971000.0,31907000.0,34954000.0,34040000.0,37568000.0,38400000.0,39400000.0,36100000.0,33000000.0,32400000.0,24300000.0,18700000.0
,SellingAndMarketingExpenses,0.0,0.0,0.0,0.0,0.0,0.0,0.0,0.0,0.0,0.0,0.0,0.0,0.0,0.0,0.0,0.0,0.0,0.0,0.0,0.0,0.0,0.0,0.0,0.0,0.0,0.0,0.0,0.0
,otherExpenses,516000.0,247000.0,-360000.0,1474000.0,152000.0,733000.0,0.0,679000.0,793000.0,0.0,0.0,0.0,0.0,0.0,0.0,0.0,0.0,0.0,0.0,0.0,0.0,0.0,0.0,0.0,0.0,0.0,0.0,0.0
,operatingExpenses,765538000.0,712930000.0,709058000.0,837154000.0,684541000.0,653689000.0,673200000.0,528586000.0,445206000.0,394157000.0,253850000.0,188843000.0,188399000.0,101918000.0,89289000.0,59254000.0,47971000.0,31907000.0,38182000.0,34040000.0,40508000.0,41500000.0,42000000.0,38600000.0,35300000.0,34100000.0,25100000.0,19200000.0
,costAndExpenses,1794554000.0,1693117000.0,1680755000.0,1792066000.0,1713070000.0,1592638000.0,1643800000.0,1348721000.0,1227450000.0,1092445000.0,751901000.0,630930000.0,572526000.0,343376000.0,252513000.0,212492000.0,172325000.0,101617000.0,95759000.0,86943000.0,101108000.0,102900000.0,105000000.0,98600000.0,94000000.0,98300000.0,68300000.0,46000000.0
,interestExpense,5046000.0,4661000.0,4585000.0,7319000.0,5814000.0,4220000.0,-3500000.0,3079000.0,3840000.0,249000.0,566000.0,0.0,0.0,0.0,0.0,0.0,0.0,0.0,0.0,0.0,0.0,0.0,0.0,0.0,0.0,0.0,0.0,0.0
,,,,,,,,,,,,,,,,,,,,,,,,,,,,,,,,,,,,,,,,,,,,,,,,,,,,,,,,,,,,,,,,,,,,,,,,,,,,,,,,,,,,,,,,,,,,,,,,,,,,,
EBITDA,,,,,,,,,,,,,,,,,,,,,,,,,,,,,,,,,,,,,,,,,,,,,,,,,,,,,,,,,,,,,,,,,,,,,,,,,,,,,,,,,,,,,,,,,,,,,,,,,,,,,
,depreciationAndAmortization,38912000.0,44941000.0,48572000.0,52628000.0,50024000.0,49293000.0,52000000.0,41439000.0,33367000.0,0.0,0.0,0.0,6008000.0,3516000.0,3082000.0,2497000.0,1787000.0,3577000.0,2584000.0,3577000.0,2940000.0,3100000.0,2600000.0,2500000.0,2300000.0,1700000.0,800000.0,500000.0
,EBITDA,377047000.0,372261000.0,271156000.0,50709000.0,212151000.0,273712000.0,259500000.0,249336000.0,220315000.0,313995000.0,264311000.0,194326000.0,122927000.0,109069000.0,54992000.0,54765000.0,44249000.0,23015000.0,5932000.0,8095000.0,15570000.0,9900000.0,-200000.0,10600000.0,10100000.0,5700000.0,18300000.0,11600000.0
,EBITDARatio,0.17679417861676,0.184247764221305,0.14246332366436,0.0283267240064643,0.113135313249755,0.150634790212965,0.140171771187814,0.160178026979002,0.155765915958592,0.227981467860999,0.264049854693708,0.238971343262291,0.17829848646375,0.242953785565201,0.180643381084872,0.206847711134612,0.206013399321188,0.190120193300566,0.0598545006911722,0.0885076699358196,0.136893562397791,0.0902461257976299,-0.00195694716242661,0.0993439550140581,0.0992141453831041,0.0557184750733138,0.213286713286713,0.203152364273205
,,,,,,,,,,,,,,,,,,,,,,,,,,,,,,,,,,,,,,,,,,,,,,,,,,,,,,,,,,,,,,,,,,,,,,,,,,,,,,,,,,,,,,,,,,,,,,,,,,,,,
INCOME,,,,,,,,,,,,,,,,,,,,,,,,,,,,,,,,,,,,,,,,,,,,,,,,,,,,,,,,,,,,,,,,,,,,,,,,,,,,,,,,,,,,,,,,,,,,,,,,,,,,,
,operatingIncome,338135000.0,327320000.0,222584000.0,-1919000.0,162127000.0,224419000.0,207500000.0,207897000.0,186948000.0,284838000.0,249088000.0,182247000.0,116919000.0,105553000.0,51910000.0,52268000.0,42462000.0,19438000.0,3348000.0,4518000.0,12630000.0,6800000.0,-2800000.0,8100000.0,7800000.0,4000000.0,17500000.0,11100000.0
,operatingIncomeRatio,0.158548667902352,0.162004556440018,0.116943960061765,-0.00107197900507612,0.0864586494112352,0.123506857517403,0.112083400853454,0.133556852098588,0.132174960654639,0.206811526752309,0.248841895365484,0.224117258604215,0.169584230794335,0.235121812135104,0.170519310301784,0.197416528176462,0.197693528937971,0.160571640989633,0.0337816703159212,0.0493981041099485,0.111044681636744,0.0619872379216044,-0.0273972602739726,0.0759137769447048,0.0766208251473477,0.0391006842619746,0.203962703962704,0.194395796847636
,totalOtherIncomeExpensesNet,516000.0,247000.0,-360000.0,1474000.0,152000.0,733000.0,800000.0,679000.0,793000.0,493000.0,-1353000.0,-909000.0,-35574000.0,399000.0,-15300000.0,4000.0,-3000.0,3000.0,-3326000.0,-2015000.0,-228000.0,-100000.0,-100000.0,200000.0,-300000.0,-600000.0,400000.0,100000.0
,incomeBeforeTax,340866000.0,328934000.0,220696000.0,-6986000.0,156885000.0,221139000.0,204800000.0,205557000.0,184118000.0,285262000.0,250109000.0,183223000.0,120502000.0,110039000.0,54281000.0,52243000.0,40223000.0,14884000.0,2844000.0,2811000.0,12335000.0,5300000.0,-4100000.0,7900000.0,6600000.0,2700000.0,18100000.0,11000000.0
,incomeBeforeTaxRatio,0.15982921091636,0.162803393523282,0.115952019057036,-0.00390247281368513,0.0836632097854252,0.121701740781935,0.11062496623994,0.132053593110191,0.130174109409091,0.207119379241594,0.249861886594158,0.225317489304297,0.1747811645599,0.245114483582036,0.178307815112524,0.197322103036712,0.187269248138854,0.122952377018711,0.0286962575801911,0.0307344113884607,0.108451001424326,0.0483135824977211,-0.0401174168297456,0.0740393626991565,0.0648330058939096,0.0263929618768328,0.210955710955711,0.192644483362522
,incomeTaxExpense,64724000.0,64626000.0,106302000.0,-12696000.0,34620000.0,59359000.0,61800000.0,59868000.0,55104000.0,83404000.0,89732000.0,66304000.0,46631000.0,43602000.0,22759000.0,20398000.0,14684000.0,5730000.0,1224000.0,1185000.0,5320000.0,2400000.0,-1200000.0,3400000.0,2900000.0,1300000.0,7600000.0,4700000.0
,netIncome,276142000.0,264308000.0,114394000.0,5710000.0,122265000.0,161780000.0,143000000.0,145689000.0,128866000.0,199052000.0,158235000.0,116786000.0,73948000.0,66437000.0,31522000.0,31845000.0,25539000.0,9154000.0,-7353000.0,1626000.0,7015000.0,2900000.0,-2900000.0,4500000.0,3700000.0,1400000.0,10500000.0,6300000.0
,netIncomeRatio,0.129480669708523,0.130817243992265,0.0601017475079321,0.00318968218811081,0.0652011495325558,0.0890340809341699,0.077243018419489,0.0935932900685974,0.0911101401444289,0.14452512664427,0.158078660205057,0.143616949323456,0.107257286658109,0.147989993963411,0.103546709676996,0.12027874301254,0.118903844273629,0.0756185205072075,-0.0741925393766333,0.0177780693410306,0.061676836237669,0.0264357338195077,-0.0283757338551859,0.042174320524836,0.0363457760314342,0.0136852394916911,0.122377622377622,0.110332749562172
,,,,,,,,,,,,,,,,,,,,,,,,,,,,,,,,,,,,,,,,,,,,,,,,,,,,,,,,,,,,,,,,,,,,,,,,,,,,,,,,,,,,,,,,,,,,,,,,,,,,,
EPS,,,,,,,,,,,,,,,,,,,,,,,,,,,,,,,,,,,,,,,,,,,,,,,,,,,,,,,,,,,,,,,,,,,,,,,,,,,,,,,,,,,,,,,,,,,,,,,,,,,,,
,EPS,9.73,8.92,3.6,0.1784375,3.76,4.7,4.12104,4.23,3.49,5.16,4.1,2.993333,1.89,1.726667,0.84,0.86,0.773333,0.303333,-0.262757289879931,0.06,0.256667,0.11,-0.113333,0.16739203213927,0.132730664370785,0.043333,0.363333,0.293333
,EPSDiluted,9.62,8.84,3.58,0.176479678565909,3.7,4.66,4.12104,4.18,3.45,5.07,4.03,2.963333,1.866667,1.686667,0.816667,0.826667,0.7,0.256667,-0.249949010809708,0.056667,0.246667,0.106667,-0.113333,0.166444740346205,0.13129032342768,0.043333,0.363333,0.27
,weightedAverageShsOut,28385000.0,29641000.0,31758000.0,32000000.0,32556000.0,34433000.0,34700000.0,34473000.0,36879000.0,38605000.0,38615000.0,39024000.0,39126000.0,38505000.0,37557000.0,37047000.0,33015000.0,28830000.0,27984000.0,27741000.0,27279000.0,26502000.0,25896000.0,26883000.0,27876000.0,32307692.0,28899083.0,21477273.0
,weightedAverageShsOutDil,28694000.0,29903000.0,31996000.0,32355000.0,33039000.0,34733000.0,34700000.0,34829000.0,37334000.0,39265000.0,39292000.0,39393000.0,39585000.0,39387000.0,38646000.0,38598000.0,36426000.0,35640000.0,29418000.0,28983000.0,28428000.0,26943000.0,25896000.0,27036000.0,28181818.0,32307692.0,28899083.0,23333333.0
