Date,2018-12-31,2017-12-31,2016-12-31,2015-12-31,2014-12-31,2013-12-31,2012-12-31,2011-12-31,2010-12-31,2009-12-31
Revenue,104180000.0,104632000.0,125467000.0,60826000.0,55608000.0,49376000.0,50513000.0,53745000.0,56183000.0,69596000.0
Revenue Growth,-0.0043,-0.1661,1.0627,0.0938,0.1262,-0.0225,-0.0601,-0.0434,-0.1927,-0.1339
Cost of Revenue,85909000.0,83436000.0,89694000.0,42917000.0,38968000.0,35260000.0,37421000.0,38987000.0,44179000.0,49371000.0
Gross Profit,18271000.0,21196000.0,35773000.0,17909000.0,16640000.0,14116000.0,13092000.0,14758000.0,12004000.0,20225000.0
R&D Expenses,0.0,0.0,0.0,0.0,0.0,1025000.0,3716000.0,2738000.0,2875000.0,3360000.0
SG&A Expense,20456000.0,24835000.0,30037000.0,14629000.0,13074000.0,12529000.0,14241000.0,15363000.0,14929000.0,15898000.0
Operating Expenses,22816000.0,26495000.0,32688000.0,15135000.0,14122000.0,13945000.0,18190000.0,18268000.0,18594000.0,20167000.0
Operating Income,-4545000.0,-5299000.0,3085000.0,2774000.0,2518000.0,171000.0,-5098000.0,-3510000.0,-6590000.0,58000.0
Interest Expense,751000.0,730000.0,1412000.0,24000.0,-17000.0,15000.0,4000.0,17000.0,0.0,0.0
Earnings before Tax,-825000.0,-7743000.0,1885000.0,2517000.0,2537000.0,219000.0,-5001000.0,-3260000.0,-6214000.0,608000.0
Income Tax Expense,-1561000.0,27987000.0,-12417000.0,-19123000.0,62000.0,-45000.0,-77000.0,82000.0,0.0,0.0
Net Income - Non-Controlling int,0.0,0.0,0.0,0.0,0.0,0.0,0.0,0.0,0.0,0.0
Net Income - Discontinued ops,-4575000.0,694000.0,0.0,0.0,0.0,0.0,0.0,0.0,0.0,0.0
Net Income,736000.0,-35730000.0,14302000.0,21640000.0,2475000.0,264000.0,-4924000.0,-3342000.0,-6214000.0,608000.0
Preferred Dividends,0.0,0.0,0.0,0.0,0.0,0.0,0.0,0.0,0.0,0.0
Net Income Com,736000.0,-35730000.0,14302000.0,21640000.0,2475000.0,264000.0,-4924000.0,-3342000.0,-6214000.0,608000.0
EPS,0.4,-17.9,7.3,11.3,1.3,0.1,-2.6,-1.8,-3.3,0.3
EPS Diluted,0.4,-17.9,7.1,11.0,1.3,0.1,-2.6,-1.8,-3.3,0.3
Weighted Average Shs Out,2023063.0,2005298.0,1967964.0,1941607.0,1860536.0,1842306.0,2021809.0,1948162.0,1916095.0,1897508.0
Weighted Average Shs Out (Dil),2023063.0,2005298.0,1967964.0,1921000.0,1857100.0,1878900.0,1927400.0,1905200.0,1877400.0,1883600.0
Dividend per Share,1.65,2.1,2.0,2.0,2.0,0.5,0.0,0.0,0.0,0.0
Gross Margin,0.1754,0.2026,0.2851,0.2944,0.2992,0.2859,0.2592,0.2746,0.2137,0.2906
EBITDA Margin,0.083,0.039,0.105,0.082,0.08,0.043,-0.057,-0.003,-0.035,0.083
EBIT Margin,-0.0007,-0.067,0.0263,0.0418,0.0453,0.0047,-0.0989,-0.0603,-0.1106,0.0087
Profit Margin,0.007,-0.341,0.114,0.356,0.045,0.005,-0.097,-0.062,-0.111,0.009
Free Cash Flow margin,0.048,0.0354,0.0392,0.038,0.0562,0.0299,-0.04,0.0048,-0.0205,0.0692
EBITDA,8647000.0,4051000.0,13186000.0,4982000.0,4455000.0,2147000.0,-2866000.0,-147000.0,-1964000.0,5786000.0
EBIT,-74000.0,-7013000.0,3297000.0,2541000.0,2520000.0,234000.0,-4997000.0,-3243000.0,-6214000.0,608000.0
Consolidated Income,736000.0,-35730000.0,14302000.0,21640000.0,2475000.0,264000.0,-4924000.0,-3342000.0,-6214000.0,608000.0
Earnings Before Tax Margin,-0.0079,-0.074,0.015,0.0414,0.0456,0.0044,-0.099,-0.0607,-0.1106,0.0087
Net Profit Margin,0.0071,-0.3415,0.114,0.3558,0.0445,0.0053,-0.0975,-0.0622,-0.1106,0.0087
