date,,2020-12-31_FY,2019-12-31_FY,2018-12-31_FY,2017-12-31_FY,2016-12-31_FY,2015-12-31_FY,2014-12-31_FY,2013-12-31_FY,2012-12-31_FY,2011-12-31_FY,2010-12-31_FY,2009-12-31_FY,2008-12-31_FY,2007-12-31_FY,2006-12-31_FY,2005-12-31_FY,2004-12-31_FY,2003-12-31_FY,2002-12-31_FY,2001-12-31_FY,2000-12-31_FY,1999-12-31_FY
,revenue,30111000.0,29564000.0,18564000.0,49170000.0,14025000.0,19124000.0,19401000.0,15326000.0,53070000.0,33487000.0,31591000.0,24293000.0,27101000.0,30675000.0,21894000.0,28571000.0,13853000.0,11835000.0,7185000.0,6524000.0,3155000.0,86000.0
,costOfRevenue,1406000.0,4143000.0,4263000.0,6633000.0,5290000.0,3905000.0,5686000.0,4837000.0,4654000.0,4713000.0,4275000.0,5311000.0,3365000.0,3225000.0,3248000.0,2815000.0,2729000.0,2427000.0,3086000.0,3398000.0,1291000.0,-272000.0
,grossProfit,28705000.0,25421000.0,14301000.0,42537000.0,8735000.0,15219000.0,13715000.0,10489000.0,48416000.0,28774000.0,27316000.0,18982000.0,23736000.0,27450000.0,18646000.0,25756000.0,11124000.0,9408000.0,4099000.0,3126000.0,1864000.0,358000.0
,grossProfitRatio,0.953306100760519,0.859863347314301,0.770361990950226,0.86510067114094,0.622816399286988,0.795806316670153,0.706922323591567,0.684392535560485,0.912304503485962,0.859258816854302,0.864676648412523,0.781377351500432,0.875834840042803,0.894865525672372,0.851648853567187,0.901473522102831,0.80300295964773,0.794930291508238,0.570494084899095,0.479153893316983,0.59080824088748,4.16279069767442
,,,,,,,,,,,,,,,,,,,,,,,,,,,,,,,,,,,,,,,,,,,,,,,,,,,,,,,,,,,,,,,,,,,,,,,,,,,,,,,,,,,,,,,,,,,,,,,,,,,,,
COST And EXPENSES,,,,,,,,,,,,,,,,,,,,,,,,,,,,,,,,,,,,,,,,,,,,,,,,,,,,,,,,,,,,,,,,,,,,,,,,,,,,,,,,,,,,,,,,,,,,,,,,,,,,,
,ResearchAndDevelopmentExpenses,27709000.0,30209000.0,25501000.0,31609000.0,29274000.0,24317000.0,22429000.0,18945000.0,20265000.0,34053000.0,36214000.0,34634000.0,39411000.0,38342000.0,37241000.0,28904000.0,24233000.0,20948000.0,29554000.0,24570000.0,13335000.0,6363000.0
,GeneralAndAdministrativeExpenses,13611000.0,14363000.0,12419000.0,13165000.0,11825000.0,11566000.0,12284000.0,12706000.0,12095000.0,13574000.0,14937000.0,15020000.0,15462000.0,13618000.0,12417000.0,11271000.0,9951000.0,8396000.0,12174000.0,0.0,0.0,0.0
,SellingAndMarketingExpenses,0.0,0.0,0.0,0.0,0.0,0.0,0.0,0.0,0.0,0.0,0.0,0.0,0.0,0.0,0.0,0.0,0.0,0.0,0.0,0.0,0.0,0.0
,otherExpenses,5.174,0.0,0.0,0.0,0.0,0.0,0.0,0.0,0.0,0.0,0.0,0.0,0.0,0.0,0.0,0.0,0.0,0.0,0.0,0.0,0.0,0.0
,operatingExpenses,41320000.0,44572000.0,37920000.0,44774000.0,41099000.0,35883000.0,34713000.0,31651000.0,32360000.0,47627000.0,51151000.0,49654000.0,54921000.0,51991000.0,50082000.0,41384000.0,35433000.0,30687000.0,43068000.0,0.0,0.0,0.0
,costAndExpenses,42726000.0,48715000.0,42183000.0,51407000.0,46389000.0,39788000.0,40399000.0,36488000.0,37014000.0,52340000.0,55426000.0,54965000.0,58286000.0,55216000.0,53330000.0,44199000.0,38162000.0,33114000.0,46154000.0,41896000.0,25978000.0,9445000.0
,interestExpense,2237000.0,2501000.0,2573000.0,2425000.0,2288000.0,2236000.0,1151000.0,290000.0,7000.0,46000.0,6000.0,36000.0,789000.0,0.0,3436000.0,4363000.0,0.0,2460000.0,0.0,0.0,131000.0,0.0
,,,,,,,,,,,,,,,,,,,,,,,,,,,,,,,,,,,,,,,,,,,,,,,,,,,,,,,,,,,,,,,,,,,,,,,,,,,,,,,,,,,,,,,,,,,,,,,,,,,,,
EBITDA,,,,,,,,,,,,,,,,,,,,,,,,,,,,,,,,,,,,,,,,,,,,,,,,,,,,,,,,,,,,,,,,,,,,,,,,,,,,,,,,,,,,,,,,,,,,,,,,,,,,,
,depreciationAndAmortization,297000.0,291000.0,254000.0,437000.0,416000.0,425000.0,601000.0,558000.0,964000.0,1176000.0,2251000.0,2506000.0,48000.0,31000.0,424000.0,1209000.0,1249000.0,1343000.0,1340000.0,1844000.0,1500000.0,311000.0
,EBITDA,-12318000.0,-18860000.0,-23365000.0,-1800000.0,-31948000.0,-20239000.0,-20397000.0,-20604000.0,17020000.0,-17677000.0,-21584000.0,-28166000.0,-31137000.0,-24510000.0,-31012000.0,-14419000.0,-23060000.0,-19936000.0,-37629000.0,-33528000.0,-21323000.0,-9048000.0
,EBITDARatio,-0.409086380392548,-0.637938032742525,-1.25861883214824,-0.036607687614399,-2.27793226381462,-1.05830370215436,-1.05133755991959,-1.34438209578494,0.320708498209911,-0.52787648938394,-0.68323256623722,-1.15942864199564,-1.1489243939338,-0.799022004889976,-1.41646113090344,-0.504672570088551,-1.66462138165018,-1.68449514152936,-5.23716075156576,-5.13917841814837,-6.75847860538827,-105.209302325581
,,,,,,,,,,,,,,,,,,,,,,,,,,,,,,,,,,,,,,,,,,,,,,,,,,,,,,,,,,,,,,,,,,,,,,,,,,,,,,,,,,,,,,,,,,,,,,,,,,,,,
INCOME,,,,,,,,,,,,,,,,,,,,,,,,,,,,,,,,,,,,,,,,,,,,,,,,,,,,,,,,,,,,,,,,,,,,,,,,,,,,,,,,,,,,,,,,,,,,,,,,,,,,,
,operatingIncome,-12615000.0,-19151000.0,-23619000.0,-2237000.0,-32364000.0,-20664000.0,-20998000.0,-21162000.0,16056000.0,-18853000.0,-23835000.0,-30672000.0,-31185000.0,-24541000.0,-31436000.0,-15628000.0,-24309000.0,-21279000.0,-38969000.0,-35372000.0,-22823000.0,-9359000.0
,operatingIncomeRatio,-0.418949885423931,-0.647781085103504,-1.27230122818358,-0.0454952206630059,-2.3075935828877,-1.0805270863836,-1.08231534456987,-1.38079081299752,0.302543810062182,-0.562994594917431,-0.754487037447374,-1.26258593010332,-1.1506955462898,-0.800032599837001,-1.43582716726044,-0.546988204823072,-1.75478235761207,-1.7979721166033,-5.42366040361865,-5.42182709993869,-7.23391442155309,-108.825581395349
,totalOtherIncomeExpensesNet,0.517,0.0,0.0,0.0,0.0,0.0,0.0,0.0,0.0,0.0,0.0,420000.0,-11933000.0,-718000.0,-2287000.0,-403000.0,0.0,0.0,0.0,-14030000.0,0.0,0.0
,incomeBeforeTax,-14335000.0,-20578000.0,-25322000.0,-3695000.0,-34509000.0,-22663000.0,-22110000.0,-21452000.0,16200000.0,0.0,0.0,0.0,0.0,-24339000.0,-33327000.0,-18124000.0,-27619000.0,0.0,0.0,0.0,0.0,0.0
,incomeBeforeTaxRatio,-0.476071867423865,-0.696049249086727,-1.36403792286145,-0.0751474476306691,-2.46053475935829,-1.18505542773478,-1.13963197773311,-1.39971290617252,0.305257207461843,0.0,0.0,0.0,0.0,-0.793447432762836,-1.52219786242806,-0.634349515242729,-1.99371977189057,0.0,0.0,0.0,0.0,0.0
,incomeTaxExpense,0.0,0.0,0.0,0.0,0.0,0.0,0.0,0.0,0.0,0.0,0.0,0.0,0.0,0.0,0.0,4000.0,18000.0,0.0,0.0,0.0,0.0,0.0
,netIncome,-582000.0,-20578000.0,-25322000.0,-3695000.0,-34509000.0,-22663000.0,-22110000.0,-21452000.0,16200000.0,-18765000.0,-22898000.0,-30288000.0,-43907000.0,-24339000.0,-33327000.0,-18128000.0,-27637000.0,-22698000.0,-37173000.0,-44928000.0,-19851000.0,-8708000.0
,netIncomeRatio,-0.0193284846069543,-0.696049249086727,-1.36403792286145,-0.0751474476306691,-2.46053475935829,-1.18505542773478,-1.13963197773311,-1.39971290617252,0.305257207461843,-0.560366709469346,-0.724826691146213,-1.24677890750422,-1.62012471864507,-0.793447432762836,-1.52219786242806,-0.63448951734276,-1.99501912943045,-1.91787072243346,-5.17369519832985,-6.886572654813,-6.2919175911252,-101.255813953488
,,,,,,,,,,,,,,,,,,,,,,,,,,,,,,,,,,,,,,,,,,,,,,,,,,,,,,,,,,,,,,,,,,,,,,,,,,,,,,,,,,,,,,,,,,,,,,,,,,,,,
EPS,,,,,,,,,,,,,,,,,,,,,,,,,,,,,,,,,,,,,,,,,,,,,,,,,,,,,,,,,,,,,,,,,,,,,,,,,,,,,,,,,,,,,,,,,,,,,,,,,,,,,
,EPS,-2.91792215866076e-09,-0.12,-0.16,-0.03,-0.26,-0.19,-0.2,-0.21,0.18318953331901,-0.21,-0.26,-0.37,-0.58,-0.35,-0.51,-0.34,-0.54,-0.45,-0.77,-0.97,-1.22,-0.37
,EPSDiluted,-2.91792215866076e-09,-0.12,-0.16,-0.03,-0.26,-0.19,-0.2,-0.21,0.182866947363668,-0.21,-0.26,-0.37,-0.58,-0.35,-0.51,-0.34,-0.54,-0.45,-0.77,-0.97,-1.22,-0.37
,weightedAverageShsOut,199457000.0,178042000.0,159834000.0,145273000.0,133163000.0,118523000.0,111666000.0,103078000.0,88433000.0,87410000.0,86868000.0,83427000.0,78332000.0,70483000.0,65961000.0,53719000.0,51507000.0,50510000.0,48318000.0,46414000.0,17120000.0,23771000.0
,weightedAverageShsOutDil,199457000.0,178042000.0,159834000.0,145273000.0,133163000.0,118523000.0,111666000.0,103078000.0,88589000.0,87410000.0,86868000.0,83427000.0,78332000.0,70483000.0,65961000.0,53719000.0,51507000.0,50510000.0,48318000.0,46414000.0,33055000.0,23771000.0
