date,,2020-12-31_FY,2019-12-31_FY,2018-12-31_FY,2017-12-31_FY,2016-12-31_FY,2015-12-31_FY,2014-12-31_FY,2013-12-31_FY,2012-12-31_FY,2011-12-31_FY,2010-12-31_FY,2009-12-31_FY,2008-12-31_FY,2007-12-31_FY,2006-12-31_FY,2005-12-31_FY,2004-12-31_FY,2003-12-31_FY,2002-12-31_FY,2001-12-31_FY,2000-12-31_FY,1999-12-31_FY,1998-12-31_FY,1997-12-31_FY
,revenue,1636000.0,19409230.0,18515082.0,18661872.0,19177599.0,17505109.0,18287496.0,17452444.0,17115270.0,13383604.0,13381581.0,9911691.0,6643007.0,5991196.0,4834424.0,1749864.0,1594768.0,1284744.0,679519.0,0.0,1.0,1.0,0.0,25946.0
,costOfRevenue,1636000.0,12602494.0,11853499.0,11008882.0,11119780.0,10665122.0,11689743.0,10458110.0,11387188.0,9211725.0,9696257.0,6256399.0,3029106.0,2863840.0,2637018.0,909179.0,936685.0,597161.0,230838.0,0.0,0.0,0.0,30000.0,428482.0
,grossProfit,0.0,6806736.0,6661583.0,7652990.0,8057819.0,6839987.0,6597753.0,6994334.0,5728082.0,4171879.0,3685324.0,3655292.0,3613901.0,3127356.0,2197406.0,840685.0,658083.0,687583.0,448681.0,0.0,-1058631.0,0.0,-30000.0,-402536.0
,grossProfitRatio,0.0,0.350695828737152,0.3597922493673,0.41008694090282,0.420168291140095,0.390742325569067,0.360779463738502,0.400765302555906,0.334676695138318,0.311715663434154,0.275402734549826,0.368785911505918,0.544015834997615,0.52199193616767,0.45453315638016,0.480428764749718,0.412651244569743,0.535190668335482,0.660292059530344,0.0,-1058631.0,0.0,0.0,-15.5143760117166
,,,,,,,,,,,,,,,,,,,,,,,,,,,,,,,,,,,,,,,,,,,,,,,,,,,,,,,,,,,,,,,,,,,,,,,,,,,,,,,,,,,,,,,,,,,,,,,,,,,,,
COST And EXPENSES,,,,,,,,,,,,,,,,,,,,,,,,,,,,,,,,,,,,,,,,,,,,,,,,,,,,,,,,,,,,,,,,,,,,,,,,,,,,,,,,,,,,,,,,,,,,,,,,,,,,,
,ResearchAndDevelopmentExpenses,0.0,-12000.0,0.0,0.0,435000.0,470000.0,462000.0,254000.0,491402.0,285450.0,265360.0,291538.0,432550.0,420063.0,352796.0,313657.0,421718.0,231716.0,0.0,0.0,0.0,0.0,0.0,0.0
,GeneralAndAdministrativeExpenses,11765000.0,7526000.0,0.0,5220000.0,5508000.0,7550000.0,8614000.0,11411667.0,8239000.0,0.0,0.0,0.0,0.0,0.0,0.0,0.0,0.0,0.0,0.0,170358.0,34728.0,34870.0,39337.0,54026.0
,SellingAndMarketingExpenses,0.0,616000.0,0.0,401000.0,420000.0,329000.0,531000.0,443000.0,337000.0,0.0,0.0,0.0,0.0,0.0,0.0,0.0,0.0,0.0,0.0,0.0,0.0,0.0,0.0,0.0
,otherExpenses,0.0,0.0,0.0,0.0,0.0,0.0,0.0,0.0,0.0,0.0,0.0,0.0,0.0,0.0,0.0,0.0,0.0,0.0,0.0,0.0,0.0,0.0,0.0,0.0
,operatingExpenses,1054000.0,9687836.0,8370244.0,7878854.0,8717878.0,10830432.0,16039467.0,14632035.0,9502007.0,7645988.0,7204980.0,7367551.0,9836096.0,10148392.0,7071279.0,3742666.0,2381809.0,2116850.0,296495.0,170358.0,34728.0,34870.0,39337.0,52026.0
,costAndExpenses,3527000.0,22290330.0,20223743.0,18887736.0,19837658.0,21495554.0,27729210.0,25090145.0,20889195.0,16857713.0,16901237.0,13623950.0,12865202.0,13012232.0,9708297.0,4651845.0,3318494.0,2714011.0,527333.0,170358.0,34728.0,34870.0,69337.0,480508.0
,interestExpense,22000.0,157319.0,144819.0,223321.0,279214.0,334738.0,317191.0,245969.0,228139.0,259142.0,290087.0,258918.0,144533.0,0.0,0.0,0.0,0.0,0.0,0.0,0.0,0.0,0.0,0.0,0.0
,,,,,,,,,,,,,,,,,,,,,,,,,,,,,,,,,,,,,,,,,,,,,,,,,,,,,,,,,,,,,,,,,,,,,,,,,,,,,,,,,,,,,,,,,,,,,,,,,,,,,
EBITDA,,,,,,,,,,,,,,,,,,,,,,,,,,,,,,,,,,,,,,,,,,,,,,,,,,,,,,,,,,,,,,,,,,,,,,,,,,,,,,,,,,,,,,,,,,,,,,,,,,,,,
,depreciationAndAmortization,1084000.0,1403836.0,1281634.0,1413838.0,1391815.0,1558899.0,5274323.0,2966368.0,304104.0,284716.0,803468.0,1342105.0,1972233.0,1754017.0,1025528.0,538110.0,127894.0,105140.0,14417.0,0.0,1058631.0,0.0,0.0,0.0
,EBITDA,-584000.0,-1477264.0,-427027.0,1187974.0,731756.0,-2431546.0,-4167391.0,-4671333.0,-3469821.0,-3189393.0,-2716188.0,-2370154.0,-4249962.0,-5267019.0,-3848345.0,-2363871.0,-1595832.0,-1324127.0,166603.0,-148793.0,1023904.0,-34869.0,-69337.0,-454562.0
,EBITDARatio,-0.356968215158924,-0.076111417093826,-0.0230637379839852,0.06365781525026,0.0381568099322548,-0.138904933411154,-0.227881991060996,-0.267660678355421,-0.202732472230938,-0.238305989926181,-0.202979603082775,-0.239127107574278,-0.639764793263051,-0.879126471575959,-0.79602968212966,-1.35088841189944,-1.00066718168411,-1.03065435604292,0.245177839030255,0.0,1023904.0,-34869.0,0.0,-17.5195405842904
,,,,,,,,,,,,,,,,,,,,,,,,,,,,,,,,,,,,,,,,,,,,,,,,,,,,,,,,,,,,,,,,,,,,,,,,,,,,,,,,,,,,,,,,,,,,,,,,,,,,,
INCOME,,,,,,,,,,,,,,,,,,,,,,,,,,,,,,,,,,,,,,,,,,,,,,,,,,,,,,,,,,,,,,,,,,,,,,,,,,,,,,,,,,,,,,,,,,,,,,,,,,,,,
,operatingIncome,-1668000.0,-2881100.0,-1708661.0,-225864.0,-660059.0,-3990445.0,-9441714.0,-7637701.0,-3773925.0,-3474109.0,-3519656.0,-3712259.0,-6222195.0,-7021036.0,-4873873.0,-2901981.0,-1723726.0,-1429267.0,152186.0,-170358.0,-34727.0,-34869.0,-69337.0,-454562.0
,operatingIncomeRatio,-1.01955990220049,-0.148439685654712,-0.0922848194785203,-0.0121029658760922,-0.0344182293101446,-0.227958877605389,-0.516293428034106,-0.437629308536959,-0.220500465373903,-0.259579482477216,-0.263022433597346,-0.374533366708062,-0.936653386034367,-1.17189222318883,-1.00816002071808,-1.65840373880484,-1.08086317257432,-1.11249167149253,0.223961360903816,0.0,-34727.0,-34869.0,0.0,-17.5195405842904
,totalOtherIncomeExpensesNet,0.0,0.0,3372659.0,-154142.0,1000.0,-9962113.0,-37086777.0,-471675.0,-259816.0,360922.0,-775198.0,-18024.0,-1900111.0,-23519.0,-3526.0,0.0,-81013.0,-7766.0,-251570.0,-21565.0,0.0,0.0,0.0,0.0
,incomeBeforeTax,-1668000.0,-3014634.0,1481562.0,-599118.0,-939273.0,-14287296.0,-46845682.0,-8355345.0,-4261880.0,-3372329.0,-4584941.0,-3971061.0,-8266181.0,-6956266.0,-4832366.0,-2842790.0,-1696979.0,-1452190.0,-108347.0,-229565.0,-1093359.0,-34870.0,-69337.0,-454562.0
,incomeBeforeTaxRatio,-1.01955990220049,-0.155319608248241,0.0800191973224855,-0.0321038532468768,-0.0489776118480734,-0.816178636762559,-2.56162363617195,-0.478749280043529,-0.249010386631353,-0.25197465495841,-0.342630739970113,-0.400644148410196,-1.24434326201974,-1.16108136004898,-0.999574302957291,-1.62457768146553,-1.06409145405476,-1.1303341366062,-0.159446608556935,0.0,-1093359.0,-34870.0,0.0,-17.5195405842904
,incomeTaxExpense,0.0,-125487.0,16593.0,-20962.0,10730.0,22184.0,-988630.0,-10948875.0,18948.0,-150183.0,18949.0,18952.0,18961.0,19003.0,0.0,0.0,6887.0,0.0,0.0,8683.0,500.0,2000.0,2000.0,2000.0
,netIncome,-1668000.0,-2889147.0,1464969.0,-578156.0,-950003.0,-14309480.0,-41157052.0,2593530.0,-4280828.0,-3222146.0,-4603890.0,-3990013.0,-8285142.0,-6986830.0,-4832366.0,-2842790.0,-1703866.0,-1452190.0,-108347.0,-238248.0,-1093859.0,-36870.0,-71337.0,-456562.0
,netIncomeRatio,-1.01955990220049,-0.148854282215214,0.0791230090150289,-0.0309806004456573,-0.0495371188019939,-0.81744592392998,-2.25055699260303,0.148605547738758,-0.250117468202371,-0.240753238066518,-0.344046790883678,-0.402556233845466,-1.24719754171567,-1.16618284562882,-0.999574302957291,-1.62457768146553,-1.06840995053826,-1.1303341366062,-0.159446608556935,0.0,-1093859.0,-36870.0,0.0,-17.5966237570338
,,,,,,,,,,,,,,,,,,,,,,,,,,,,,,,,,,,,,,,,,,,,,,,,,,,,,,,,,,,,,,,,,,,,,,,,,,,,,,,,,,,,,,,,,,,,,,,,,,,,,
EPS,,,,,,,,,,,,,,,,,,,,,,,,,,,,,,,,,,,,,,,,,,,,,,,,,,,,,,,,,,,,,,,,,,,,,,,,,,,,,,,,,,,,,,,,,,,,,,,,,,,,,
,EPS,-0.364003461960984,-3.300033,2.62787435445304,-1.200012,-2.100021,-36.00036,-117.601176,9.77517544983755,-25.200252,-20.400204,-31.200312,-32.400324,-70.800708,-61.200612,-44.400444,-28.800288,-19.200192,-19.200192,-2.400024,-27.600276,-120.0012,-4.567641,-8.837587,-57.450862
,EPSDiluted,-0.364003461960984,-3.300033,2.59583346622864,-1.200012,-2.100021,-36.00036,-117.601176,9.76093788223782,-25.200252,-20.400204,-31.200312,-32.400324,-70.800708,-61.200612,-44.400444,-28.800288,-19.200192,-19.200192,-2.400024,-27.600276,-120.0012,-4.567641,-8.837587,-57.450862
,weightedAverageShsOut,4582374.0,850171.0,557473.0,480806.0,435606.0,397994.0,350876.0,265318.0,173566.0,162115.0,147958.0,122502.0,116682.0,113581.0,107428.0,100086.0,90796.0,77843.0,51101.0,8595.0,8072.0,8072.0,8072.0,7947.0
,weightedAverageShsOutDil,7805629.0,850171.0,564354.0,480806.0,435606.0,397994.0,350876.0,265705.0,173566.0,162115.0,147958.0,122502.0,116682.0,113581.0,107428.0,100086.0,90796.0,77843.0,51101.0,8595.0,8072.0,8072.0,8072.0,7947.0
