Date,2018-09-30,2017-09-30,2016-09-30,2015-09-30,2014-09-30,2013-09-30,2012-09-30,2011-09-30,2010-09-30,2009-09-30
Revenue,40681000.0,37284000.0,43442000.0,40536000.0,42309000.0,42753000.0,47887150.0,46951666.0,42969762.0,34363674.0
Revenue Growth,0.0911,-0.1418,0.0717,-0.0419,-0.0104,-0.1072,0.0199,0.0927,0.2504,1.0077
Cost of Revenue,25445000.0,23386000.0,27839000.0,25542000.0,25579000.0,24667000.0,28381407.0,27201435.0,25205960.0,20629501.0
Gross Profit,15236000.0,13898000.0,15603000.0,14994000.0,16730000.0,18086000.0,19505743.0,19750231.0,17763802.0,13734173.0
R&D Expenses,823000.0,903000.0,998000.0,1244000.0,1343000.0,2307000.0,2810778.0,0.0,0.0,0.0
SG&A Expense,14069000.0,13517000.0,13930000.0,13794000.0,13989000.0,17119000.0,18116157.0,17463573.0,12971640.0,10891096.0
Operating Expenses,15074000.0,14480000.0,14924000.0,14860000.0,14035000.0,26255000.0,23211434.0,17463573.0,12971640.0,10891096.0
Operating Income,162000.0,-582000.0,679000.0,134000.0,2695000.0,-8169000.0,-3705691.0,2286658.0,4792162.0,2843077.0
Interest Expense,180000.0,212000.0,294000.0,493000.0,713000.0,861000.0,639096.0,641815.0,628120.0,735317.0
Earnings before Tax,152000.0,-548000.0,739000.0,-240000.0,2051000.0,-9030000.0,-4344787.0,1644843.0,4164042.0,2107760.0
Income Tax Expense,-1608000.0,-2741000.0,51000.0,-6000.0,-21000.0,-303000.0,-41021.0,293198.0,929661.0,556462.0
Net Income - Non-Controlling int,-170000.0,-246000.0,-354000.0,-119000.0,-69000.0,0.0,0.0,0.0,0.0,0.0
Net Income - Discontinued ops,0.0,0.0,0.0,0.0,0.0,0.0,0.0,0.0,0.0,0.0
Net Income,1760000.0,2193000.0,688000.0,-234000.0,2072000.0,-8727000.0,-4303766.0,1351645.0,3234381.0,1551298.0
Preferred Dividends,0.0,0.0,0.0,0.0,0.0,0.0,0.0,116646.0,537433.0,589740.0
Net Income Com,1760000.0,2193000.0,688000.0,-234000.0,2072000.0,-8727000.0,-4303766.0,1351645.0,3234381.0,961558.0
EPS,0.1,0.13,0.04,-0.01,0.13,-0.59,-0.29,0.08,0.22,0.08
EPS Diluted,0.1,0.13,0.04,-0.01,0.13,-0.59,-0.29,0.08,0.22,0.08
Weighted Average Shs Out,17317611.0,17063507.0,16842123.0,16536513.0,16327896.0,15413116.0,14789152.0,15581252.0,12671645.0,11377325.0
Weighted Average Shs Out (Dil),17161825.0,16909412.0,16657563.0,16402893.0,15415408.0,14812858.0,14811294.0,14932226.0,12404701.0,11373837.0
Dividend per Share,0.0,0.0,0.0,0.0,0.0,0.0,0.0,0.0,0.0,0.0
Gross Margin,0.3745,0.3728,0.3592,0.3699,0.3954,0.423,0.4073,0.4207,0.4134,0.3997
EBITDA Margin,0.039,0.024,0.053,0.036,0.092,-0.154,-0.043,0.075,0.136,0.11
EBIT Margin,0.0082,-0.009,0.0238,0.0062,0.0653,-0.1911,-0.0774,0.0487,0.1115,0.0827
Profit Margin,0.043,0.059,0.016,-0.006,0.049,-0.204,-0.09,0.029,0.075,0.028
Free Cash Flow margin,-0.0046,0.0137,0.0114,-0.0117,0.0106,0.027,-0.0068,0.05,0.0639,0.0563
EBITDA,1589000.0,902000.0,2300000.0,1449000.0,3887000.0,-6573000.0,-2035972.0,3519731.0,5832294.0,3790009.0
EBIT,332000.0,-336000.0,1033000.0,253000.0,2764000.0,-8169000.0,-3705691.0,2286658.0,4792162.0,2843077.0
Consolidated Income,1590000.0,1947000.0,334000.0,-353000.0,2003000.0,-8727000.0,-4303766.0,1351645.0,3234381.0,1551298.0
Earnings Before Tax Margin,0.0037,-0.0147,0.017,-0.0059,0.0485,-0.2112,-0.0907,0.035,0.0969,0.0613
Net Profit Margin,0.0433,0.0588,0.0158,-0.0058,0.049,-0.2041,-0.0899,0.0288,0.0753,0.0451
