date,,2020-12-31_FY,2019-12-31_FY,2018-12-31_FY,2017-12-31_FY,2016-12-31_FY,2015-12-31_FY,2014-12-31_FY,2013-12-31_FY,2012-12-31_FY,2011-12-31_FY,2010-12-31_FY,2009-12-31_FY,2008-12-31_FY,2007-12-31_FY,2006-12-31_FY,2005-12-31_FY,2004-12-31_FY,2003-12-31_FY,2002-12-31_FY,2001-12-31_FY,2000-12-31_FY,1999-12-31_FY,1998-12-31_FY,1997-12-31_FY
,revenue,10271000000.0,10800000000.0,10746000000.0,9567000000.0,8979000000.0,8592000000.0,17902000000.0,16047000000.0,14072000000.0,11651654000.0,9156274000.0,8727362000.0,8541261000.0,7672329000.0,5969741000.0,4552401000.0,3271309000.0,2165096000.0,1214100000.0,748821000.0,431424000.0,224700000.0,47400000.0,5700000.0
,costOfRevenue,2473000000.0,2508000000.0,2382000000.0,2222000000.0,2007000000.0,1771000000.0,5732000000.0,5036000000.0,4216000000.0,3460184000.0,2564667000.0,2479762000.0,2228069000.0,1762972000.0,1256792000.0,818104000.0,614415000.0,416058000.0,213876000.0,134816000.0,51695000.0,33300000.0,2300000.0,700000.0
,grossProfit,7798000000.0,8292000000.0,8364000000.0,7345000000.0,6972000000.0,6821000000.0,12170000000.0,11011000000.0,9856000000.0,8191470000.0,6591607000.0,6247600000.0,6313192000.0,5909357000.0,4712949000.0,3734297000.0,2656894000.0,1749038000.0,1000224000.0,614005000.0,379729000.0,191400000.0,45100000.0,5000000.0
,grossProfitRatio,0.759225002434038,0.767777777777778,0.778336125069793,0.767743284206125,0.776478449716004,0.793878026070764,0.679812311473578,0.686171870131489,0.700397953382604,0.703030659853099,0.719900584014851,0.715863510646172,0.739140508643864,0.770216840284091,0.789472943633568,0.820291753736105,0.812180689748355,0.807833925146968,0.823839881393625,0.819962314091085,0.880175882658359,0.851802403204272,0.951476793248945,0.87719298245614
,,,,,,,,,,,,,,,,,,,,,,,,,,,,,,,,,,,,,,,,,,,,,,,,,,,,,,,,,,,,,,,,,,,,,,,,,,,,,,,,,,,,,,,,,,,,,,,,,,,,,
COST And EXPENSES,,,,,,,,,,,,,,,,,,,,,,,,,,,,,,,,,,,,,,,,,,,,,,,,,,,,,,,,,,,,,,,,,,,,,,,,,,,,,,,,,,,,,,,,,,,,,,,,,,,,,
,ResearchAndDevelopmentExpenses,1087000000.0,1240000000.0,1285000000.0,1224000000.0,1114000000.0,923000000.0,2000000000.0,1768000000.0,1573000000.0,1235171000.0,908434000.0,803070000.0,725600000.0,619727000.0,494693000.0,328191000.0,240647000.0,159315000.0,104636000.0,75288000.0,55863000.0,23800000.0,4600000.0,800000.0
,GeneralAndAdministrativeExpenses,1003000000.0,1189000000.0,1131000000.0,1031000000.0,900000000.0,1122000000.0,1843000000.0,1703000000.0,1567000000.0,1364221000.0,1079383000.0,1418389000.0,998871000.0,3081408000.0,2598220000.0,1822444000.0,1273599000.0,870268000.0,521435000.0,359258000.0,239794000.0,139100000.0,28900000.0,2700000.0
,SellingAndMarketingExpenses,2639000000.0,3194000000.0,3391000000.0,2515000000.0,2368000000.0,2267000000.0,3587000000.0,3060000000.0,2913000000.0,2435048000.0,1946815000.0,1885677000.0,1881551000.0,0.0,0.0,0.0,0.0,0.0,0.0,0.0,0.0,0.0,0.0,0.0
,otherExpenses,0.0,-3000000.0,-17000000.0,11000000.0,83000000.0,-12000000.0,7000000.0,9000000.0,7000000.0,0.0,0.0,0.0,0.0,0.0,0.0,0.0,0.0,0.0,0.0,0.0,0.0,0.0,0.0,0.0
,operatingExpenses,7560000000.0,5971000000.0,6142000000.0,5080000000.0,4647000000.0,4624000000.0,8656000000.0,7640000000.0,6968000000.0,5818470000.0,4516599000.0,4752647000.0,4188391000.0,5296177000.0,3289993000.0,2292590000.0,1597652000.0,1119797000.0,646027000.0,473579000.0,343185000.0,188300000.0,38900000.0,0.0
,costAndExpenses,7560000000.0,8479000000.0,8524000000.0,7302000000.0,6654000000.0,6395000000.0,14388000000.0,12676000000.0,11184000000.0,9278654000.0,7081266000.0,7232409000.0,6416460000.0,7059149000.0,4546785000.0,3110694000.0,2212067000.0,1535855000.0,859903000.0,608395000.0,394880000.0,221600000.0,41200000.0,4300000.0
,interestExpense,337000000.0,311000000.0,326000000.0,292000000.0,225000000.0,144000000.0,123000000.0,100000000.0,63000000.0,25030000.0,0.0,0.0,8037000.0,0.0,0.0,0.0,0.0,0.0,0.0,0.0,0.0,0.0,0.0,0.0
,,,,,,,,,,,,,,,,,,,,,,,,,,,,,,,,,,,,,,,,,,,,,,,,,,,,,,,,,,,,,,,,,,,,,,,,,,,,,,,,,,,,,,,,,,,,,,,,,,,,,
EBITDA,,,,,,,,,,,,,,,,,,,,,,,,,,,,,,,,,,,,,,,,,,,,,,,,,,,,,,,,,,,,,,,,,,,,,,,,,,,,,,,,,,,,,,,,,,,,,,,,,,,,,
,depreciationAndAmortization,27000000.0,48000000.0,49000000.0,38000000.0,34000000.0,41000000.0,268000000.0,318000000.0,335000000.0,267374000.0,189727000.0,262686000.0,234916000.0,204104000.0,197078000.0,128941000.0,65927000.0,50659000.0,15941000.0,36591000.0,45191000.0,25400000.0,5400000.0,100000.0
,EBITDA,2738000000.0,2369000000.0,2271000000.0,2303000000.0,2359000000.0,2238000000.0,3782000000.0,3689000000.0,3223000000.0,2640374000.0,2264735000.0,1757639000.0,2359717000.0,817284000.0,1620034000.0,1570648000.0,1125169000.0,679900000.0,370138000.0,177017000.0,81735000.0,28500000.0,11600000.0,1500000.0
,EBITDARatio,0.266575795930289,0.219351851851852,0.211334450027917,0.240723319744957,0.262724134090656,0.260474860335196,0.211261311585298,0.229887206331402,0.229036384309267,0.226609372368936,0.247342423348187,0.201394075323105,0.276272672149932,0.106523586253926,0.271374252249804,0.345015300717138,0.343950693743697,0.314027645887296,0.304866156000329,0.236394278472425,0.189453994214508,0.126835781041389,0.244725738396624,0.263157894736842
,,,,,,,,,,,,,,,,,,,,,,,,,,,,,,,,,,,,,,,,,,,,,,,,,,,,,,,,,,,,,,,,,,,,,,,,,,,,,,,,,,,,,,,,,,,,,,,,,,,,,
INCOME,,,,,,,,,,,,,,,,,,,,,,,,,,,,,,,,,,,,,,,,,,,,,,,,,,,,,,,,,,,,,,,,,,,,,,,,,,,,,,,,,,,,,,,,,,,,,,,,,,,,,
,operatingIncome,2711000000.0,2321000000.0,2222000000.0,2265000000.0,2325000000.0,2197000000.0,3514000000.0,3371000000.0,2888000000.0,2373000000.0,2075008000.0,1494953000.0,2124801000.0,613180000.0,1422956000.0,1441707000.0,1059242000.0,629241000.0,354197000.0,140426000.0,36544000.0,3100000.0,6200000.0,1400000.0
,operatingIncomeRatio,0.263947035342226,0.214907407407407,0.20677461380979,0.236751332706177,0.258937520882058,0.255702979515829,0.196290917215954,0.210070418146694,0.205230244457078,0.203662072354706,0.226621440118546,0.171294945712118,0.248769004951377,0.079920973149092,0.23836142975047,0.316691565615595,0.323797599065084,0.290629607186009,0.291736265546495,0.187529462982475,0.0847055333036641,0.0137961726746773,0.130801687763713,0.245614035087719
,totalOtherIncomeExpensesNet,1007000000.0,77000000.0,646000000.0,126000000.0,1426000000.0,256000000.0,7000000.0,84000000.0,125000000.0,1451323000.0,-21437000.0,-38187000.0,-49119000.0,-1390938000.0,0.0,0.0,0.0,-31195000.0,-3781000.0,-16245000.0,-1550000.0,-4200000.0,900000.0,100000.0
,incomeBeforeTax,3420000000.0,2207000000.0,2718000000.0,2276000000.0,3651000000.0,2406000000.0,3531000000.0,3466000000.0,3084000000.0,3910046000.0,2098447000.0,2879151000.0,2183564000.0,750851000.0,1547061000.0,1549377000.0,1128230000.0,661500000.0,398133000.0,162943000.0,81017000.0,20200000.0,7000000.0,1600000.0
,incomeBeforeTaxRatio,0.332976341154707,0.204351851851852,0.252931323283082,0.237901118427929,0.406615436017374,0.280027932960894,0.197240531784158,0.215990527824515,0.219158612848209,0.335578622571525,0.229181324193662,0.329899344154625,0.255648902427873,0.0978648074137592,0.259150438854885,0.340342821293643,0.344886404800036,0.305529177459106,0.327924388435878,0.217599399589488,0.187789738169411,0.0898976412995105,0.147679324894515,0.280701754385965
,incomeTaxExpense,878000000.0,415000000.0,190000000.0,3288000000.0,-3634000000.0,459000000.0,3485000000.0,610000000.0,475000000.0,680659000.0,297486000.0,490054000.0,404090000.0,402600000.0,421418000.0,467285000.0,343885000.0,206738000.0,145946000.0,80009000.0,32725000.0,9400000.0,4600000.0,700000.0
,netIncome,5667000000.0,1786000000.0,2530000000.0,-1016000000.0,7266000000.0,1725000000.0,46000000.0,2856000000.0,2609000000.0,3229387000.0,1800961000.0,2389097000.0,1779474000.0,348251000.0,1125639000.0,1082043000.0,778223000.0,441771000.0,249891000.0,90448000.0,48292000.0,10800000.0,2400000.0,900000.0
,netIncomeRatio,0.551747638983546,0.16537037037037,0.235436441466592,-0.10619839029999,0.809221516872703,0.200768156424581,0.00256954530220087,0.177977191998504,0.185403638430927,0.277161251097913,0.196691470788227,0.273747897703796,0.208338557971709,0.0453905196192708,0.18855742652822,0.237686223160042,0.237893454883045,0.204042222608143,0.205824067210279,0.120787210828756,0.111936285417594,0.048064085447263,0.0506329113924051,0.157894736842105
,,,,,,,,,,,,,,,,,,,,,,,,,,,,,,,,,,,,,,,,,,,,,,,,,,,,,,,,,,,,,,,,,,,,,,,,,,,,,,,,,,,,,,,,,,,,,,,,,,,,,
EPS,,,,,,,,,,,,,,,,,,,,,,,,,,,,,,,,,,,,,,,,,,,,,,,,,,,,,,,,,,,,,,,,,,,,,,,,,,,,,,,,,,,,,,,,,,,,,,,,,,,,,
,EPS,7.98,2.10365135453475,2.58,-0.95,6.41,1.43,-0.03,2.2,2.02,2.5,1.38,1.85,1.37,0.26,0.8,0.79,0.295,0.345,0.2175,0.085,0.0475,0.0125,0.002083,0.000104
,EPSDiluted,7.89,2.08766803039158,2.55,-0.95,6.35,1.42,-0.03,2.18,1.99,2.46,1.36,1.83,1.36,0.25,0.79,0.78,0.285,0.335,0.2125,0.08,0.0425,0.01,0.000833,0.000104
,weightedAverageShsOut,710000000.0,849000000.0,980000000.0,1064000000.0,1133000000.0,1208000000.0,1251000000.0,1295000000.0,1292000000.0,1292775000.0,1305593000.0,1289848000.0,1303454000.0,1358797000.0,1399251000.0,1361708000.0,2638916000.0,1276576000.0,1149984000.0,1075884000.0,1007104000.0,865880000.0,1197480000.0,8640000000.0
,weightedAverageShsOutDil,718000000.0,855500000.0,991000000.0,1064000000.0,1144000000.0,1220000000.0,1251000000.0,1313000000.0,1313000000.0,1312950000.0,1327417000.0,1304981000.0,1312608000.0,1376174000.0,1425472000.0,1393875000.0,2735440000.0,1313314000.0,1171280000.0,1122380000.0,1121384000.0,1087280000.0,2750160000.0,8640000000.0
