date,,2020-12-31_FY,2019-12-31_FY,2018-12-31_FY,2017-12-31_FY,2016-12-31_FY,2015-12-31_FY,2014-12-31_FY,2013-12-31_FY,2012-12-31_FY,2011-12-31_FY,2010-12-31_FY,2009-12-31_FY,2008-12-31_FY,2007-12-31_FY,2006-12-31_FY
,revenue,2511515000.0,2184977000.0,2439701000.0,1943086192.0,1716152159.0,1512298686.0,1173382760.0,884193289.0,757687585.0,602763471.0,426373975.0,259560658.0,202807631.0,95460985.0,33194419.0
,costOfRevenue,2156808000.0,1837331000.0,2055975000.0,1636773290.0,1429715256.0,1246177898.0,979041409.0,739108182.0,623701669.0,485546842.0,345208575.0,203892962.0,159717355.0,74575938.0,27703628.0
,grossProfit,354707000.0,347646000.0,383726000.0,306312902.0,286436903.0,266120788.0,194341351.0,145085107.0,133985916.0,117216629.0,81165400.0,55667696.0,43090276.0,20885047.0,5490791.0
,grossProfitRatio,0.141232284099438,0.15910739563849,0.157284027837838,0.157642467565844,0.166906472423113,0.175971050205621,0.165624856291565,0.164087546020721,0.176835306071433,0.194465382591176,0.190361993834169,0.214468927721704,0.212468711298146,0.218780971095155,0.165413077421238
,,,,,,,,,,,,,,,,,,,,,,,,,,,,,,,,,,,,,,,,,,,,,,,,,,,,,,,,,,,,,,,,,,,,,,,,,,,,,,,,,,,,,,,,,,,,,,,,,,,,,
COST And EXPENSES,,,,,,,,,,,,,,,,,,,,,,,,,,,,,,,,,,,,,,,,,,,,,,,,,,,,,,,,,,,,,,,,,,,,,,,,,,,,,,,,,,,,,,,,,,,,,,,,,,,,,
,ResearchAndDevelopmentExpenses,0.0,0.0,0.0,0.0,0.0,0.0,0.0,0.0,0.0,0.0,0.0,0.0,0.0,0.0,0.0
,GeneralAndAdministrativeExpenses,325209000.0,313129000.0,330160000.0,287227430.0,270826387.0,243214264.0,166812670.0,121881168.0,113454258.0,89952126.0,60778106.0,44816750.0,0.0,0.0,0.0
,SellingAndMarketingExpenses,0.0,0.0,0.0,0.0,0.0,0.0,0.0,0.0,0.0,0.0,0.0,0.0,0.0,0.0,0.0
,otherExpenses,156247000.0,0.0,0.0,0.0,0.0,-126295.0,-144128.0,-354480.0,-426860.0,0.0,0.0,0.0,0.0,0.0,0.0
,operatingExpenses,325209000.0,313129000.0,330160000.0,287227430.0,270826387.0,243214264.0,166812670.0,121881168.0,113454258.0,98281962.0,67704224.0,49807669.0,0.0,0.0,0.0
,costAndExpenses,2482017000.0,2150460000.0,2386135000.0,1924000720.0,1700541643.0,1489392162.0,1145854079.0,860989350.0,737155927.0,583828804.0,412912799.0,253700631.0,197862436.0,92748871.0,33647451.0
,interestExpense,5990000.0,12639000.0,15546000.0,14767621.0,14226796.0,11276207.0,105404.0,1357.0,9391.0,21154.0,51413.0,792303.0,111738.0,11936.0,0.0
,,,,,,,,,,,,,,,,,,,,,,,,,,,,,,,,,,,,,,,,,,,,,,,,,,,,,,,,,,,,,,,,,,,,,,,,,,,,,,,,,,,,,,,,,,,,,,,,,,,,,
EBITDA,,,,,,,,,,,,,,,,,,,,,,,,,,,,,,,,,,,,,,,,,,,,,,,,,,,,,,,,,,,,,,,,,,,,,,,,,,,,,,,,,,,,,,,,,,,,,,,,,,,,,
,depreciationAndAmortization,38492000.0,38387000.0,36638000.0,32727727.0,32137592.0,24142527.0,13876079.0,10564657.0,9139232.0,8329836.0,6926118.0,4990919.0,3230803.0,1845134.0,691385.0
,EBITDA,67990000.0,72904000.0,90204000.0,51813199.0,47748108.0,47049051.0,41404760.0,33768596.0,29670890.0,27264503.0,20387294.0,10850946.0,8175998.0,4557248.0,238353.0
,EBITDARatio,0.0270713095482209,0.0333660262785375,0.0369733832137627,0.0266654146446634,0.0278227706964065,0.0311109514512929,0.0352866612766665,0.038191418573411,0.0391597943366064,0.0452325071304794,0.0478155215735201,0.0418050488992057,0.0403140550465776,0.0477393775058994,0.00718051429067037
,,,,,,,,,,,,,,,,,,,,,,,,,,,,,,,,,,,,,,,,,,,,,,,,,,,,,,,,,,,,,,,,,,,,,,,,,,,,,,,,,,,,,,,,,,,,,,,,,,,,,
INCOME,,,,,,,,,,,,,,,,,,,,,,,,,,,,,,,,,,,,,,,,,,,,,,,,,,,,,,,,,,,,,,,,,,,,,,,,,,,,,,,,,,,,,,,,,,,,,,,,,,,,,
,operatingIncome,29498000.0,34517000.0,53566000.0,19085472.0,15610516.0,22906524.0,27528681.0,23203939.0,20531658.0,18934667.0,13461176.0,5860027.0,4945195.0,2712114.0,-453032.0
,operatingIncomeRatio,0.011745102059912,0.0157974202932113,0.0219559691945857,0.00982224673232612,0.00909623072647371,0.0151468253011495,0.0234609557413303,0.0262430616570762,0.0270977885958102,0.0314130963652905,0.0315712890309499,0.0225767149966156,0.0243836732159255,0.0284107062167858,-0.0136478364028604
,totalOtherIncomeExpensesNet,0.0,0.0,0.0,0.0,0.0,-126295.0,-144128.0,-354480.0,-426860.0,-367771.0,-333060.0,-506255.0,-52392.0,-5424.0,-17177.0
,incomeBeforeTax,23508000.0,21878000.0,38020000.0,4349734.0,1383720.0,11527931.0,27279149.0,22848102.0,20098257.0,18661491.0,13169801.0,4585440.0,4801324.0,2902809.0,-251968.0
,incomeBeforeTaxRatio,0.00936008743726396,0.0100129200444673,0.0155838768767156,0.00223856976489698,0.00080629214183799,0.00762278715621393,0.0232482953814661,0.0258406191092455,0.0265257837107097,0.0309598904011886,0.0308879100794086,0.0176661595610534,0.0236742768323151,0.0304083285962323,-0.00759067360088453
,incomeTaxExpense,7675000.0,7032000.0,9296000.0,-8273495.0,-205958.0,3682257.0,10491591.0,8645488.0,7776843.0,6613319.0,4765163.0,-610544.0,1925768.0,1174273.0,-220170.0
,netIncome,15832000.0,14846000.0,28723000.0,12623229.0,1589678.0,7845674.0,16787558.0,14202614.0,12321414.0,12048172.0,8404638.0,5195984.0,2875556.0,1728536.0,-246242.0
,netIncomeRatio,0.00630376485905917,0.00679457953104312,0.0117731640065729,0.00649648433094315,0.000926303644850643,0.00518791299141551,0.0143069751595805,0.0160627932565093,0.0162618660301792,0.0199882251988691,0.0197118925938198,0.0200183804434646,0.0141787366965496,0.0181072508313213,-0.00741817472388958
,,,,,,,,,,,,,,,,,,,,,,,,,,,,,,,,,,,,,,,,,,,,,,,,,,,,,,,,,,,,,,,,,,,,,,,,,,,,,,,,,,,,,,,,,,,,,,,,,,,,,
EPS,,,,,,,,,,,,,,,,,,,,,,,,,,,,,,,,,,,,,,,,,,,,,,,,,,,,,,,,,,,,,,,,,,,,,,,,,,,,,,,,,,,,,,,,,,,,,,,,,,,,,
,EPS,0.597192516203072,0.56,1.04,0.46,0.06,0.29,0.73,0.62,0.55,0.54,0.38,0.3,0.15,0.03,-0.04
,EPSDiluted,0.597192516203072,0.55,1.03,0.45,0.05,0.28,0.71,0.61,0.54,0.53,0.38,0.29,0.14,0.03,-0.04
,weightedAverageShsOut,25963000.0,26510714.0,27618269.0,27441802.0,26494633.0,27054048.0,22996655.0,22907442.0,22402571.0,22311430.0,22117468.0,12492025.0,12173000.0,23425286.0,22387886.0
,weightedAverageShsOutDil,26353000.0,26800000.0,27900000.0,28000000.0,29300000.0,28100000.0,23600000.0,23400000.0,22900000.0,22732400.0,22117468.0,12812314.0,12817000.0,24904713.0,22387886.0
