Date,2019-12-31,2018-12-31,2017-12-31,2016-12-31,2015-12-31,2014-12-31,2013-12-31,2012-12-31,2011-12-31,2010-12-31
Revenue,129959000.0,131218000.0,122535000.0,113200000.0,100585000.0,84901000.0,68004000.0,53587000.0,43570000.0,36688000.0
Revenue Growth,0.0,0.0,0.0,0.0,0.0,0.0,0.0,0.229905898554051,0.187581770606193,
Cost of Revenue,29008000.0,29501000.0,25950000.0,27620000.0,20848000.0,24220000.0,18088000.0,14749000.0,12248000.0,12164000.0
Gross Profit,100951000.0,101717000.0,96585000.0,85580000.0,74751000.0,60681000.0,49916000.0,38838000.0,31322000.0,24524000.0
R&D Expenses,19200000.0,22359000.0,21868000.0,17736000.0,16060000.0,16585000.0,12669000.0,10109000.0,8842000.0,8416000.0
SG&A Expense,77949000.0,86864000.0,91295000.0,81681000.0,76077000.0,78104000.0,51612000.0,32578000.0,25657000.0,20978000.0
Operating Expenses,97149000.0,109223000.0,113163000.0,99417000.0,95944000.0,94689000.0,64281000.0,42687000.0,34499000.0,29394000.0
Operating Income,3802000.0,-7506000.0,-16578000.0,-13837000.0,-21193000.0,-34008000.0,-14365000.0,-3849000.0,-3177000.0,-4870000.0
Interest Expense,0.0,0.0,0.0,0.0,0.0,0.0,0.0,1185000.0,642000.0,486000.0
Earnings before Tax,4171000.0,-6987000.0,-16273000.0,-13665000.0,-21136000.0,-34473000.0,-20425000.0,-5003000.0,-3813000.0,-4612000.0
Income Tax Expense,689000.0,614000.0,284000.0,-5658000.0,-185000.0,41000.0,203000.0,-70000.0,51000.0,112000.0
Net Income - Non-Controlling int,0.0,0.0,0.0,0.0,0.0,0.0,0.0,0.0,0.0,0.0
Net Income - Discontinued ops,0.0,0.0,0.0,0.0,0.0,0.0,0.0,0.0,0.0,0.0
Net Income,3482000.0,-7601000.0,-16557000.0,-8007000.0,-20951000.0,-34514000.0,-20628000.0,-4933000.0,-3864000.0,-4724000.0
Preferred Dividends,0.0,0.0,0.0,0.0,0.0,0.0,0.0,0.0,0.0,0.0
Net Income Com,3482000.0,-7601000.0,-16557000.0,-8007000.0,-20951000.0,-34514000.0,-20628000.0,-4933000.0,-3864000.0,-4724000.0
EPS,0.12,-0.28,-0.63,-0.31,-0.84,-1.4,-1.51,-4.23,-3.45,-4.77
EPS Diluted,0.12,-0.28,-0.63,-0.31,-0.84,-1.4,-1.51,-4.23,-3.45,-4.77
Weighted Average Shs Out,27886278.0,27138274.0,26366748.0,25604893.0,25062610.0,24619714.0,13695804.0,,,
Weighted Average Shs Out (Dil),28816977.0,27138274.0,26366748.0,25604893.0,25062610.0,24619714.0,13695804.0,1164942.0,1120902.0,989780.0
Dividend per Share,0.0,0.0,0.0,0.0,0.0,0.0,0.0,0.0,0.0,0.0
Gross Margin,0.776791141822,0.775175661876,0.7882237728,0.756007067138,0.743162499379,0.71472656388,0.734015646138,0.7248,0.7189,0.6684
EBITDA Margin,0.0780092182919,-0.0107607188038,-0.0816093361081,-0.0529946996466,-0.123278818909,-0.326780603291,-0.163990353509,-0.017,-0.025,-0.021
EBIT Margin,0.0292553805431,-0.0572025179472,-0.1352919574,-0.122234982332,-0.210697420092,-0.400560652996,-0.21123757426,-0.0712,-0.0728,-0.1125
Profit Margin,0.0267930655053,-0.0579265039857,-0.135120577794,-0.0707332155477,-0.208291494756,-0.406520535683,-0.303335097935,-0.092,-0.089,-0.129
Free Cash Flow margin,0.0925060980771,-0.00621103811977,-0.0472191618721,0.0867137809187,-0.0548888999354,-0.323977338312,-0.132712781601,-0.0169,-0.0359,-0.0462
EBITDA,10138000.0,-1412000.0,-10000000.0,-5999000.0,-12400000.0,-27744000.0,-11152000.0,-915000.0,-1110000.0,-756000.0
EBIT,3802000.0,-7506000.0,-16578000.0,-13837000.0,-21193000.0,-34008000.0,-14365000.0,-3818000.0,-3171000.0,-4126000.0
Consolidated Income,3482000.0,-7601000.0,-16557000.0,-8007000.0,-20951000.0,-34514000.0,-20628000.0,-4933000.0,-3864000.0,-4724000.0
Earnings Before Tax Margin,0.0320947375711,-0.0532472679053,-0.132802872649,-0.120715547703,-0.210130735199,-0.406037620287,-0.300349979413,-0.0934,-0.0875,-0.1257
Net Profit Margin,0.0267930655053,-0.0579265039857,-0.135120577794,-0.0707332155477,-0.208291494756,-0.406520535683,-0.303335097935,-0.0921,-0.0887,-0.1288
