date,,2020-12-31_FY,2019-12-31_FY,2018-12-31_FY,2017-12-31_FY,2016-12-31_FY,2015-12-31_FY,2014-12-31_FY,2013-12-31_FY,2012-12-31_FY,2011-12-31_FY,2010-12-31_FY,2009-12-31_FY,2008-12-31_FY,2007-12-31_FY,2006-12-31_FY,2005-12-31_FY,2004-12-31_FY,2003-12-31_FY,2002-12-31_FY,2001-12-31_FY,2000-12-31_FY,1999-12-31_FY,1998-12-31_FY,1997-12-31_FY,1996-12-31_FY
,revenue,324504000.0,287893000.0,230252000.0,211698000.0,164554000.0,141085000.0,133999000.0,144007000.0,151381000.0,131193000.0,107984000.0,82130000.0,91996000.0,80725000.0,68193000.0,53531000.0,43846328.0,42792456.0,37169716.0,27526766.0,31928974.0,3586992.0,2789611.0,1251039.0,1585202.0
,costOfRevenue,0.0,0.0,0.0,0.0,0.0,0.0,0.0,0.0,0.0,0.0,0.0,0.0,0.0,0.0,0.0,0.0,0.0,0.0,0.0,0.0,0.0,0.0,0.0,0.0,0.0
,grossProfit,304779000.0,0.0,0.0,0.0,0.0,0.0,0.0,0.0,0.0,0.0,0.0,0.0,0.0,0.0,0.0,0.0,0.0,0.0,0.0,0.0,0.0,0.0,0.0,0.0,0.0
,grossProfitRatio,0.939214924931588,0.0,0.0,0.0,0.0,0.0,0.0,0.0,0.0,0.0,0.0,0.0,0.0,0.0,0.0,0.0,0.0,0.0,0.0,0.0,0.0,0.0,0.0,0.0,0.0
,,,,,,,,,,,,,,,,,,,,,,,,,,,,,,,,,,,,,,,,,,,,,,,,,,,,,,,,,,,,,,,,,,,,,,,,,,,,,,,,,,,,,,,,,,,,,,,,,,,,,
COST And EXPENSES,,,,,,,,,,,,,,,,,,,,,,,,,,,,,,,,,,,,,,,,,,,,,,,,,,,,,,,,,,,,,,,,,,,,,,,,,,,,,,,,,,,,,,,,,,,,,,,,,,,,,
,ResearchAndDevelopmentExpenses,0.0,0.0,0.0,0.0,0.0,0.0,0.0,0.0,0.0,0.0,0.0,0.0,0.0,0.0,0.0,0.0,0.0,0.0,0.0,0.0,0.0,0.0,0.0,0.0,0.0
,GeneralAndAdministrativeExpenses,101338000.0,89537000.0,75632000.0,70854000.0,57587000.0,56420000.0,54597000.0,54659000.0,50442000.0,44117000.0,30747000.0,28116000.0,31024000.0,29555000.0,25247000.0,22130000.0,18553251.0,17698276.0,16864830.0,15877831.0,13251757.0,6748905.0,5103863.0,3221147.0,2400165.0
,SellingAndMarketingExpenses,0.0,0.0,0.0,0.0,0.0,0.0,0.0,0.0,0.0,0.0,0.0,0.0,0.0,0.0,0.0,0.0,0.0,0.0,0.0,0.0,0.0,0.0,0.0,0.0,0.0
,otherExpenses,0.0,0.0,0.0,0.0,0.0,0.0,0.0,0.0,0.0,0.0,0.0,-7388000.0,0.0,0.0,0.0,0.0,0.0,0.0,0.0,0.0,0.0,0.0,0.0,0.0,0.0
,operatingExpenses,263000000.0,220000000.0,170000000.0,144000000.0,102000000.0,95000000.0,107000000.0,113000000.0,132000000.0,123000000.0,128000000.0,188000000.0,136000000.0,119000000.0,88000000.0,59000000.0,0.0,0.0,0.0,0.0,0.0,0.0,0.0,0.0,0.0
,costAndExpenses,0.0,0.0,0.0,0.0,0.0,0.0,0.0,0.0,0.0,0.0,0.0,0.0,0.0,0.0,0.0,0.0,0.0,0.0,0.0,0.0,0.0,0.0,0.0,0.0,0.0
,interestExpense,34778000.0,66417000.0,45897000.0,25235000.0,13729000.0,12369000.0,14386000.0,18137000.0,23167000.0,30155000.0,32411000.0,48845000.0,51258000.0,61465000.0,43141000.0,23541000.0,12168826.0,10543532.0,14307752.0,23810415.0,27595909.0,14352119.0,11869331.0,8582230.0,5568912.0
,,,,,,,,,,,,,,,,,,,,,,,,,,,,,,,,,,,,,,,,,,,,,,,,,,,,,,,,,,,,,,,,,,,,,,,,,,,,,,,,,,,,,,,,,,,,,,,,,,,,,
EBITDA,,,,,,,,,,,,,,,,,,,,,,,,,,,,,,,,,,,,,,,,,,,,,,,,,,,,,,,,,,,,,,,,,,,,,,,,,,,,,,,,,,,,,,,,,,,,,,,,,,,,,
,depreciationAndAmortization,11825000.0,11262000.0,6035000.0,5890000.0,3352000.0,3111000.0,3492000.0,4688000.0,4408000.0,3736000.0,3356000.0,482000.0,4679000.0,3874000.0,3068000.0,1901000.0,2813042.0,2138414.0,1717891.0,1720967.0,1399929.0,592101.0,488790.0,311132.0,225328.0
,EBITDA,103772000.0,0.0,0.0,0.0,0.0,0.0,0.0,0.0,0.0,0.0,0.0,0.0,0.0,0.0,0.0,0.0,0.0,0.0,0.0,0.0,0.0,0.0,0.0,0.0,0.0
,EBITDARatio,0.340482776044281,0.0,0.0,0.0,0.0,0.0,0.0,0.0,0.0,0.0,0.0,0.0,0.0,0.0,0.0,0.0,0.0,0.0,0.0,0.0,0.0,0.0,0.0,0.0,0.0
,,,,,,,,,,,,,,,,,,,,,,,,,,,,,,,,,,,,,,,,,,,,,,,,,,,,,,,,,,,,,,,,,,,,,,,,,,,,,,,,,,,,,,,,,,,,,,,,,,,,,
INCOME,,,,,,,,,,,,,,,,,,,,,,,,,,,,,,,,,,,,,,,,,,,,,,,,,,,,,,,,,,,,,,,,,,,,,,,,,,,,,,,,,,,,,,,,,,,,,,,,,,,,,
,operatingIncome,91947000.0,0.0,0.0,0.0,0.0,0.0,0.0,0.0,0.0,0.0,0.0,0.0,0.0,0.0,0.0,0.0,0.0,0.0,0.0,0.0,0.0,0.0,0.0,0.0,0.0
,operatingIncomeRatio,0.283346276163006,0.40305252298597,0.454184979935028,0.408681234588895,0.454799032536432,0.413941949888365,0.306300793289502,0.347760872735353,0.276877547380451,0.284862759446007,0.105024818491628,-0.600523560209424,0.0653941475716335,0.32943945493961,0.348965436335108,0.328912219088005,0.280599985476549,0.255885757059609,0.177973299553863,-0.0469632720385678,0.263393869154706,1.65684729712249,1.74255442783958,2.82895577196234,1.72425722400047
,totalOtherIncomeExpensesNet,0.0,0.0,0.0,0.0,0.0,0.0,0.0,0.0,0.0,0.0,0.0,0.0,0.0,0.0,0.0,0.0,0.0,0.0,0.0,0.0,0.0,0.0,0.0,0.0,0.0
,incomeBeforeTax,91947000.0,116036000.0,104577000.0,86517000.0,74839000.0,58401000.0,41044000.0,50080000.0,41914000.0,37372000.0,11341000.0,-49321000.0,6016000.0,26594000.0,23797000.0,17607000.0,12303279.0,10949980.0,6615217.0,-1292747.0,8409896.0,5943098.0,4861049.0,3539134.0,2733296.0
,incomeBeforeTaxRatio,0.283346276163006,0.40305252298597,0.454184979935028,0.408681234588895,0.454799032536432,0.413941949888365,0.306300793289502,0.347760872735353,0.276877547380451,0.284862759446007,0.105024818491628,-0.600523560209424,0.0653941475716335,0.32943945493961,0.348965436335108,0.328912219088005,0.280599985476549,0.255885757059609,0.177973299553863,-0.0469632720385678,0.263393869154706,1.65684729712249,1.74255442783958,2.82895577196234,1.72425722400047
,incomeTaxExpense,17563000.0,23297000.0,15360000.0,38327000.0,26002000.0,19951000.0,13871000.0,16976000.0,13618000.0,11949000.0,2221000.0,-2650000.0,1586000.0,9016000.0,8325000.0,6312000.0,4088752.0,4024761.0,1613737.0,1241944.0,3208450.0,2244404.0,1850275.0,1316590.0,1031344.0
,netIncome,74384000.0,92739000.0,89217000.0,48190000.0,48837000.0,38450000.0,27173000.0,33104000.0,28296000.0,25423000.0,9120000.0,-47955000.0,4430000.0,17578000.0,15472000.0,11295000.0,8214527.0,6925219.0,5001480.0,-2534691.0,5201446.0,3820185.0,3010774.0,2222544.0,1701952.0
,netIncomeRatio,0.229223676749747,0.32213009694574,0.387475461668085,0.227635594101031,0.296784034420312,0.272530743877804,0.20278509541116,0.229877714277778,0.186919098169519,0.193783204896603,0.0844569565861609,-0.583891391696092,0.0481542675768512,0.217751625890369,0.226885457451645,0.210999234088659,0.187348117269934,0.161832707148195,0.134557928825714,-0.0920809585840923,0.162906769256037,1.06501073880287,1.07928094633983,1.77655852455439,1.07364991969478
,,,,,,,,,,,,,,,,,,,,,,,,,,,,,,,,,,,,,,,,,,,,,,,,,,,,,,,,,,,,,,,,,,,,,,,,,,,,,,,,,,,,,,,,,,,,,,,,,,,,,
EPS,,,,,,,,,,,,,,,,,,,,,,,,,,,,,,,,,,,,,,,,,,,,,,,,,,,,,,,,,,,,,,,,,,,,,,,,,,,,,,,,,,,,,,,,,,,,,,,,,,,,,
,EPS,2.85540106074096,3.56,3.86,2.1,2.44,1.92,1.38,1.78,1.41,1.37,0.45,-3.92,0.35,1.44,1.41,1.12,0.85,0.72,0.53,-0.28,0.58,0.54,1.28,1.06,0.98
,EPSDiluted,2.85540106074096,3.55,3.83,2.07,2.41,1.89,1.35,1.73,1.37,1.34,0.45,-3.92,0.34,1.4,1.36,1.05,0.82,0.7,0.52,-0.28,0.54,0.5,1.2,1.0,0.98
,weightedAverageShsOut,26217000.0,26050281.0,23113212.0,22947619.0,20015164.0,20026042.0,19690580.0,18597753.0,17802128.0,16683000.0,14747000.0,12833000.0,12589000.0,12239000.0,10964000.0,10103074.0,9695500.0,9566059.0,9399374.0,9203224.0,8990605.0,7135697.0,2350763.0,2095359.0,1731203.0
,weightedAverageShsOutDil,26217000.0,26159000.0,23294256.0,23280193.0,20264315.0,20343915.0,20128148.0,19135260.0,18321898.0,18145000.0,14747000.0,12833000.0,12735000.0,12562000.0,11387000.0,10747097.0,10054691.0,9875141.0,9611108.0,9203224.0,9684752.0,7704800.0,2514940.0,2224967.0,1731203.0
