date,,2020-12-31_FY,2019-12-31_FY,2018-12-31_FY,2017-12-31_FY,2016-12-31_FY,2015-12-31_FY,2014-12-31_FY,2013-12-31_FY,2012-12-31_FY,2011-12-31_FY,2010-12-31_FY,2009-12-31_FY,2008-12-31_FY,2007-12-31_FY,2006-12-31_FY,2005-12-31_FY,2004-12-31_FY,2003-12-31_FY,2002-12-31_FY,2001-12-31_FY,2000-12-31_FY
,revenue,5998545000.0,5562140000.0,5071654000.0,4368428000.0,3611989000.0,2725867000.0,2443776000.0,2152766000.0,1895744000.0,1606842000.0,1220334000.0,882509000.0,704680000.0,419442000.0,286915000.0,221057000.0,163671000.0,117942000.0,77188000.0,63414000.0,13016000.0
,costOfRevenue,3074340000.0,2810184000.0,2605475000.0,2193149000.0,1820870000.0,1291506000.0,1197885000.0,1064403000.0,943995000.0,867641000.0,674667000.0,483420000.0,414659000.0,263745000.0,188379000.0,158354000.0,136950000.0,128121000.0,104073000.0,94889000.0,-10519000.0
,grossProfit,2924205000.0,2751956000.0,2466179000.0,2175279000.0,1791119000.0,1434361000.0,1245891000.0,1088363000.0,951749000.0,739201000.0,545667000.0,399089000.0,290021000.0,155697000.0,98536000.0,62703000.0,26721000.0,-10179000.0,-26885000.0,-31475000.0,23535000.0
,grossProfitRatio,0.487485715285957,0.494765683711665,0.486267201981839,0.497954641807076,0.495881631976177,0.526203589536834,0.509822094987429,0.505564933671379,0.502045107356268,0.460033407142706,0.447145617511272,0.45222088386634,0.411564114207867,0.371200308981933,0.343432723977485,0.283650823090877,0.163260443206188,-0.0863051330314901,-0.348305436078147,-0.496341501876557,1.80815918869084
,,,,,,,,,,,,,,,,,,,,,,,,,,,,,,,,,,,,,,,,,,,,,,,,,,,,,,,,,,,,,,,,,,,,,,,,,,,,,,,,,,,,,,,,,,,,,,,,,,,,,
COST And EXPENSES,,,,,,,,,,,,,,,,,,,,,,,,,,,,,,,,,,,,,,,,,,,,,,,,,,,,,,,,,,,,,,,,,,,,,,,,,,,,,,,,,,,,,,,,,,,,,,,,,,,,,
,ResearchAndDevelopmentExpenses,0.0,0.0,0.0,0.0,0.0,0.0,0.0,0.0,0.0,0.0,0.0,0.0,0.0,0.0,0.0,0.0,0.0,0.0,0.0,0.0,0.0
,GeneralAndAdministrativeExpenses,1090981000.0,935018000.0,826694000.0,745906000.0,694561000.0,493284000.0,438016000.0,374790000.0,329399000.0,265932000.0,220781000.0,155324000.0,146564000.0,146513000.0,104742000.0,65662000.0,51098000.0,53776000.0,45906000.0,75221000.0,77490000.0
,SellingAndMarketingExpenses,718356000.0,651046000.0,633702000.0,581724000.0,438742000.0,332012000.0,296103000.0,246623000.0,202914000.0,159091000.0,111104000.0,63584000.0,66913000.0,0.0,0.0,0.0,0.0,0.0,0.0,0.0,0.0
,otherExpenses,6913000.0,27778000.0,14044000.0,9213000.0,-57924000.0,-60581000.0,119000.0,5253000.0,-2208000.0,0.0,0.0,0.0,0.0,0.0,0.0,0.0,0.0,0.0,0.0,0.0,0.0
,operatingExpenses,1809337000.0,1586064000.0,1460396000.0,1327630000.0,1133303000.0,825296000.0,734119000.0,621413000.0,532313000.0,425023000.0,331885000.0,218908000.0,213477000.0,145175000.0,95095000.0,65662000.0,51098000.0,53776000.0,45906000.0,75221000.0,130644000.0
,costAndExpenses,4883677000.0,4396248000.0,4065871000.0,3520779000.0,2954173000.0,2116802000.0,1932004000.0,1685816000.0,1476308000.0,1292664000.0,1006552000.0,702328000.0,628136000.0,408920000.0,283474000.0,224016000.0,188048000.0,181897000.0,149979000.0,170110000.0,120125000.0
,interestExpense,406466000.0,479684000.0,521494000.0,478698000.0,392156000.0,299055000.0,270553000.0,248792000.0,200328000.0,181303000.0,140475000.0,74232000.0,55041000.0,0.0,0.0,0.0,0.0,0.0,0.0,0.0,0.0
,,,,,,,,,,,,,,,,,,,,,,,,,,,,,,,,,,,,,,,,,,,,,,,,,,,,,,,,,,,,,,,,,,,,,,,,,,,,,,,,,,,,,,,,,,,,,,,,,,,,,
EBITDA,,,,,,,,,,,,,,,,,,,,,,,,,,,,,,,,,,,,,,,,,,,,,,,,,,,,,,,,,,,,,,,,,,,,,,,,,,,,,,,,,,,,,,,,,,,,,,,,,,,,,
,depreciationAndAmortization,1423369000.0,1284837000.0,1227489000.0,1042480000.0,837207000.0,525580000.0,481691000.0,432471000.0,398291000.0,347674000.0,260176000.0,173530000.0,158907000.0,103307000.0,72778000.0,74964000.0,66133000.0,74401000.0,66937000.0,75884000.0,53154000.0
,EBITDA,2538237000.0,2450729000.0,2233272000.0,1890129000.0,1495023000.0,1134645000.0,993463000.0,899421000.0,817727000.0,661852000.0,473958000.0,353711000.0,235451000.0,113829000.0,76219000.0,72005000.0,41756000.0,10446000.0,-5854000.0,-30812000.0,-53955000.0
,EBITDARatio,0.423142111962151,0.44060901020111,0.44034391936043,0.432679444413414,0.413905745560133,0.416251049666033,0.406527848706264,0.417797847048866,0.431348853009689,0.411896129177604,0.388383835900663,0.400801578227531,0.334124709087813,0.271381978914844,0.265650105431922,0.325730467707424,0.255121554826451,0.0885689576232385,-0.0758408042700938,-0.485886397325512,-4.14528272894899
,,,,,,,,,,,,,,,,,,,,,,,,,,,,,,,,,,,,,,,,,,,,,,,,,,,,,,,,,,,,,,,,,,,,,,,,,,,,,,,,,,,,,,,,,,,,,,,,,,,,,
INCOME,,,,,,,,,,,,,,,,,,,,,,,,,,,,,,,,,,,,,,,,,,,,,,,,,,,,,,,,,,,,,,,,,,,,,,,,,,,,,,,,,,,,,,,,,,,,,,,,,,,,,
,operatingIncome,1114868000.0,1165892000.0,1005783000.0,847649000.0,657816000.0,609065000.0,511772000.0,466950000.0,419436000.0,314178000.0,213782000.0,180181000.0,76544000.0,10522000.0,3441000.0,-2959000.0,-24377000.0,-63955000.0,-72791000.0,-106696000.0,-107109000.0
,operatingIncomeRatio,0.185856403511185,0.209612127706243,0.198314593227377,0.194039823936666,0.182120155958393,0.22343900124254,0.209418539178714,0.216906993142775,0.221251392593093,0.195525135638725,0.175183187553571,0.204169022638863,0.108622353408639,0.0250857091087683,0.0119930990014464,-0.0133856878542638,-0.148939030127512,-0.542258059045972,-0.943035186816604,-1.68253067146056,-8.2290258143823
,totalOtherIncomeExpensesNet,-200831000.0,-21308000.0,-65733000.0,-95194000.0,-109277000.0,-102593000.0,-159377000.0,-109266000.0,-26095000.0,-4194000.0,-24942000.0,695000.0,-1835000.0,-1971000.0,8120000.0,-33814000.0,-33896000.0,0.0,85273000.0,-48565000.0,0.0
,incomeBeforeTax,516225000.0,692597000.0,433038000.0,286832000.0,159859000.0,210998000.0,84733000.0,112279000.0,196479000.0,130961000.0,49880000.0,109028000.0,27081000.0,-4715000.0,-6334000.0,-42069000.0,-68478000.0,0.0,0.0,0.0,0.0
,incomeBeforeTaxRatio,0.08605836915452,0.124519879039363,0.0853839792698792,0.0656602329258946,0.044257886721139,0.0774058308787626,0.0346729814843914,0.0521556917937203,0.103642158434894,0.0815021016378711,0.0408740557912834,0.123543215989865,0.0384302094567747,-0.0112411251138417,-0.0220762246658418,-0.190308382001022,-0.418388107850505,0.0,0.0,0.0,0.0
,incomeTaxExpense,146151000.0,185352000.0,67679000.0,53850000.0,45451000.0,23224000.0,345459000.0,16156000.0,61783000.0,38351000.0,12999000.0,39597000.0,-104457000.0,473000.0,439000.0,543000.0,153000.0,0.0,0.0,0.0,0.0
,netIncome,369777000.0,507450000.0,365359000.0,232982000.0,126800000.0,187774000.0,-259547000.0,94685000.0,144666000.0,94004000.0,36881000.0,69431000.0,131538000.0,-5188000.0,-6397000.0,-42612000.0,-68631000.0,-84171000.0,-21618000.0,-188415000.0,-119790000.0
,netIncomeRatio,0.0616444487788289,0.091232870801526,0.0720394175154693,0.0533331440966865,0.035105311782511,0.0688859727932434,-0.106207361067463,0.0439829503067217,0.076310936497755,0.058502329413844,0.0302220539622759,0.0786745517609452,0.186663450076631,-0.0123688138050076,-0.0222958018925466,-0.192764762029703,-0.419322909984053,-0.713664343490868,-0.280069440845727,-2.97118932727789,-9.20328826060233
,,,,,,,,,,,,,,,,,,,,,,,,,,,,,,,,,,,,,,,,,,,,,,,,,,,,,,,,,,,,,,,,,,,,,,,,,,,,,,,,,,,,,,,,,,,,,,,,,,,,,
EPS,,,,,,,,,,,,,,,,,,,,,,,,,,,,,,,,,,,,,,,,,,,,,,,,,,,,,,,,,,,,,,,,,,,,,,,,,,,,,,,,,,,,,,,,,,,,,,,,,,,,,
,EPS,4.39478250534823,6.03,4.58,3.03,1.81,3.25,-4.96,1.92,3.01,1.76,0.84,1.8,3.58,-0.16,-0.22,-1.78,-3.87,-8.76,-7.23,-76.357827,-111.182109
,EPSDiluted,4.39478250534823,5.99,4.56,3.0,1.79,3.21,-4.96,1.89,2.92,1.72,0.82,1.75,3.31,-0.16,-0.22,-1.78,-3.87,-8.76,-7.23,-76.357827,-111.182109
,weightedAverageShsOut,84140000.0,84140000.0,79779000.0,76854000.0,70117000.0,57790000.0,52359000.0,49438000.0,48004000.0,46956000.0,43742000.0,38488000.0,36774000.0,32136000.0,28551000.0,23956000.0,17719000.0,9604000.0,2990000.0,2462715.0,1078629.0
,weightedAverageShsOutDil,84140000.0,84679000.0,80197000.0,77535000.0,70816000.0,58483000.0,52359000.0,50116000.0,51816000.0,47898000.0,44810000.0,39676000.0,43728000.0,32136000.0,28551000.0,23956000.0,17719000.0,9604000.0,2990000.0,2462715.0,1078629.0
