Date,2018-12-31,2017-12-31,2016-12-31,2015-12-31,2014-12-31,2013-12-31,2012-12-31,2011-12-31,2010-12-31,2009-12-31
Revenue,2382212000.0,1691774000.0,1596631000.0,1505508000.0,6124000000.0,6271000000.0,5512000000.0,4824000000.0,4890000000.0,4255000000.0
Revenue Growth,0.408114795475046,0.0595898488755386,0.0605264136756497,-0.754162638798171,-0.0234412374421942,0.137699564586357,0.142620232172471,-0.0134969325153374,0.149236192714454,0.6051
Cost of Revenue,14500000.0,13100000.0,0.0,0.0,3958000000.0,3467000000.0,3480000000.0,3444000000.0,2900000000.0,2728000000.0
Gross Profit,2367712000.0,1678674000.0,0.0,0.0,2166000000.0,2804000000.0,2032000000.0,1380000000.0,1990000000.0,1527000000.0
R&D Expenses,0.0,0.0,0.0,0.0,0.0,0.0,0.0,0.0,0.0,0.0
SG&A Expense,14500000.0,240181000.0,213356000.0,226713000.0,0.0,0.0,0.0,0.0,0.0,1003000000.0
Operating Expenses,2037869000.0,1403402000.0,1304267000.0,1272967000.0,0.0,0.0,0.0,0.0,0.0,1003000000.0
Operating Income,344343000.0,288372000.0,292364000.0,232541000.0,830000000.0,1567000000.0,899000000.0,358000000.0,162000000.0,524000000.0
Interest Expense,2460000.0,1238000.0,101000.0,0.0,0.0,0.0,0.0,0.0,0.0,0.0
Earnings before Tax,371320000.0,315695000.0,320091000.0,266249000.0,830000000.0,1567000000.0,899000000.0,358000000.0,599000000.0,186000000.0
Income Tax Expense,83096000.0,118696000.0,109725000.0,91571000.0,257000000.0,519000000.0,280000000.0,90000000.0,339000000.0,78000000.0
Net Income - Non-Controlling int,0.0,0.0,0.0,0.0,0.0,0.0,0.0,0.0,0.0,338000000.0
Net Income - Discontinued ops,0.0,0.0,0.0,0.0,0.0,0.0,0.0,0.0,0.0,0.0
Net Income,288224000.0,196999000.0,210366000.0,174678000.0,168000000.0,163000000.0,160000000.0,169000000.0,162000000.0,108000000.0
Preferred Dividends,0.0,0.0,0.0,0.0,0.0,0.0,0.0,0.0,0.0,0.0
Net Income Com,288224000.0,196999000.0,210366000.0,174678000.0,168000000.0,163000000.0,160000000.0,169000000.0,162000000.0,108000000.0
EPS,6.19,4.23,4.52,3.75,3.59,3.46,3.38,3.45,3.18,2.1
EPS Diluted,5.51,3.76,4.01,3.33,3.18,519.0,2.99,3.08,2.85,1.89
Weighted Average Shs Out,46188637.0,46186831.0,46188952.0,46186671.0,46247876.0,46660651.0,2544.0,48875316.0,50705607.0,51255239.0
Weighted Average Shs Out (Dil),52315213.0,52337463.0,52435303.0,52498811.0,52616234.0,2542.0,53547833.0,55057437.0,56884894.0,51253155.0
Dividend per Share,2.99098466826,2.78509869689,2.59338636796,2.41639758279,2.26165939584,33044.8465775,4.27655027609,1.85261075629,1.72277722799,1.83
Gross Margin,0.99391322015,0.992256648938,0.0,0.0,0.353690398432,0.447137617605,0.368650217707,0.286069651741,0.406952965235,0.3589
EBITDA Margin,0.144547588544,0.170455391796,0.183113067453,0.154460155642,0.135532331809,0.24988040185,0.163098693759,0.0742122719735,0.0331288343558,0.044
EBIT Margin,0.144547588544,0.170455391796,0.183113067453,0.154460155642,0.135532331809,0.24988040185,0.163098693759,0.0742122719735,0.0331288343558,0.0437
Profit Margin,0.120990071413,0.116445222589,0.131756179105,0.116025952702,0.0274330502939,0.0259926646468,0.0290275761974,0.0350331674959,0.0331288343558,0.025
Free Cash Flow margin,0.0870149256237,0.116520291717,0.159295416411,0.144388472197,0.127204441541,0.143996172859,0.104680696662,0.0746268656716,0.147443762781,0.2056
EBITDA,344343000.0,288372000.0,292364000.0,232541000.0,830000000.0,1567000000.0,899000000.0,358000000.0,162000000.0,186000000.0
EBIT,344343000.0,288372000.0,292364000.0,232541000.0,830000000.0,1567000000.0,899000000.0,358000000.0,162000000.0,186000000.0
Consolidated Income,288224000.0,196999000.0,210366000.0,174678000.0,168000000.0,163000000.0,160000000.0,169000000.0,162000000.0,446000000.0
Earnings Before Tax Margin,0.15587193751,0.186605894168,0.200479008613,0.176849940352,0.135532331809,0.24988040185,0.163098693759,0.0742122719735,0.122494887526,0.0437
Net Profit Margin,0.120990071413,0.116445222589,0.131756179105,0.116025952702,0.0274330502939,0.0259926646468,0.0290275761974,0.0350331674959,0.0331288343558,0.0254
