Date,2018-09-30,2017-09-30,2016-09-30,2015-09-30,2014-09-30,2013-09-30,2012-09-30,2011-09-30,2010-09-30,2009-09-30
Revenue,771582000.0,685740000.0,571459000.0,537291000.0,531120000.0,490079000.0,478699000.0,450816000.0,607493000.0,619064000.0
Revenue Growth,0.1252,0.2,0.0636,0.0116,0.0837,0.0238,0.0619,-0.2579,-0.0187,0.009
Cost of Revenue,490397000.0,436918000.0,350807000.0,334850000.0,323939000.0,295863000.0,294655000.0,273845000.0,361942000.0,372351000.0
Gross Profit,281185000.0,248822000.0,220652000.0,202441000.0,207181000.0,194216000.0,184044000.0,176971000.0,245551000.0,246713000.0
R&D Expenses,0.0,0.0,0.0,0.0,0.0,0.0,0.0,0.0,0.0,0.0
SG&A Expense,162431000.0,148433000.0,131493000.0,130166000.0,134899000.0,129809000.0,128152000.0,123293000.0,157348000.0,152397000.0
Operating Expenses,184414000.0,164091000.0,150924000.0,140135000.0,143407000.0,141928000.0,129393000.0,120473000.0,171909000.0,176091000.0
Operating Income,96771000.0,84731000.0,69728000.0,62306000.0,63774000.0,52288000.0,54651000.0,56498000.0,73642000.0,70622000.0
Interest Expense,8748000.0,4578000.0,1308000.0,785000.0,1567000.0,2693000.0,2469000.0,2493000.0,3977000.0,7450000.0
Earnings before Tax,88023000.0,80153000.0,68420000.0,62297000.0,20004000.0,-7268000.0,64287000.0,69423000.0,69665000.0,63275000.0
Income Tax Expense,-4113000.0,26450000.0,22538000.0,19785000.0,19594000.0,18335000.0,17408000.0,16922000.0,24819000.0,13867000.0
Net Income - Non-Controlling int,0.0,0.0,0.0,0.0,0.0,0.0,0.0,0.0,0.0,0.0
Net Income - Discontinued ops,0.0,0.0,0.0,-1552000.0,42203000.0,56863000.0,-12105000.0,-15418000.0,0.0,-103000.0
Net Income,92136000.0,53703000.0,45882000.0,42512000.0,410000.0,-25603000.0,46879000.0,52501000.0,44846000.0,49408000.0
Preferred Dividends,0.0,0.0,0.0,0.0,0.0,0.0,0.0,0.0,0.0,0.0
Net Income Com,92136000.0,53703000.0,45882000.0,42512000.0,410000.0,-25603000.0,46879000.0,52501000.0,44846000.0,49408000.0
EPS,3.56,2.08,1.78,1.63,0.01,-0.97,1.76,1.97,1.7,1.88
EPS Diluted,3.54,2.07,1.77,1.62,0.02,-0.96,1.73,1.95,1.68,1.86
Weighted Average Shs Out,25910828.0,25833202.0,25716828.0,26098919.0,26303372.0,26440097.0,26736892.0,26615921.0,26482464.0,26297437.0
Weighted Average Shs Out (Dil),25874000.0,25774000.0,25762000.0,26077000.0,26447000.0,26450000.0,26699000.0,26588000.0,26450000.0,26216000.0
Dividend per Share,0.32,0.24,0.32,0.32,0.4,0.32,0.32,0.32,0.24,0.0
Gross Margin,0.3644,0.3629,0.3861,0.3768,0.3901,0.3963,0.3845,0.3926,0.4042,0.3985
EBITDA Margin,0.174,0.171,0.163,0.152,0.071,0.021,0.17,0.189,0.158,0.163
EBIT Margin,0.1254,0.1236,0.122,0.1174,0.0406,-0.0093,0.1395,0.1595,0.1212,0.1142
Profit Margin,0.119,0.078,0.08,0.079,0.001,-0.052,0.098,0.116,0.074,0.08
Free Cash Flow margin,0.0818,0.0434,0.0899,0.0864,0.0416,0.0508,0.0773,0.1282,0.0737,0.1023
EBITDA,134526000.0,116960000.0,93296000.0,81666000.0,37933000.0,10230000.0,81251000.0,85392000.0,95779000.0,100992000.0
EBIT,96771000.0,84731000.0,69728000.0,63082000.0,21571000.0,-4575000.0,66756000.0,71916000.0,73642000.0,70725000.0
Consolidated Income,92136000.0,53703000.0,45882000.0,42512000.0,410000.0,-25603000.0,46879000.0,52501000.0,44846000.0,49408000.0
Earnings Before Tax Margin,0.1141,0.1169,0.1197,0.1159,0.0377,-0.0148,0.1343,0.154,0.1147,0.1022
Net Profit Margin,0.1194,0.0783,0.0803,0.0791,0.0008,-0.0522,0.0979,0.1165,0.0738,0.0798
