Date,2018-12-31,2017-12-31,2016-12-31,2015-12-31,2014-12-31,2013-12-31,2012-12-31,2011-12-31,2010-12-31,2009-12-31
Revenue,2510000.0,4000.0,2505000.0,4000.0,8254000.0,7824000.0,3059000.0,0.0,17983000.0,46537000.0
Revenue Growth,626.5,-0.998403193612774,625.25,-0.999515386479283,0.054959100204499,1.55769859431187,0.0,-1,-0.613576294131551,2.3281
Cost of Revenue,0.0,0.0,0.0,0.0,0.0,0.0,0.0,0.0,0.0,0.0
Gross Profit,0.0,0.0,0.0,0.0,0.0,0.0,0.0,0.0,17983000.0,46537000.0
R&D Expenses,0.0,0.0,0.0,0.0,0.0,0.0,0.0,0.0,0.0,0.0
SG&A Expense,21477000.0,19604000.0,18412000.0,18141000.0,16136000.0,15981000.0,16511000.0,16603000.0,26294000.0,30063000.0
Operating Expenses,21477000.0,19604000.0,18412000.0,18141000.0,16136000.0,15981000.0,16511000.0,18864000.0,48418000.0,75960000.0
Operating Income,16773000.0,14106000.0,13738000.0,-5124000.0,10244000.0,8403000.0,7730000.0,1504000.0,-30435000.0,-29423000.0
Interest Expense,12054000.0,9199000.0,7820000.0,7497000.0,6933000.0,7078000.0,9692000.0,12228000.0,0.0,0.0
Earnings before Tax,16773000.0,14106000.0,13738000.0,-5124000.0,10244000.0,8403000.0,7730000.0,1504000.0,-30435000.0,-29423000.0
Income Tax Expense,3085000.0,6903000.0,3816000.0,-2627000.0,2728000.0,2497000.0,2148000.0,60000.0,-9442000.0,404000.0
Net Income - Non-Controlling int,0.0,0.0,0.0,0.0,0.0,0.0,0.0,0.0,0.0,0.0
Net Income - Discontinued ops,0.0,0.0,0.0,0.0,0.0,0.0,0.0,0.0,0.0,0.0
Net Income,13688000.0,7203000.0,9922000.0,-2497000.0,7516000.0,5906000.0,5582000.0,1444000.0,-20993000.0,-29827000.0
Preferred Dividends,0.0,0.0,0.0,0.0,247000.0,885000.0,884000.0,884000.0,1078000.0,977000.0
Net Income Com,13688000.0,7203000.0,9922000.0,-2497000.0,7516000.0,5906000.0,5582000.0,1444000.0,-22071000.0,-30804000.0
EPS,0.62,0.33,0.45,-0.11,0.33,0.22,0.21,0.02,-1.03,-1.43
EPS Diluted,0.61,0.32,0.45,-0.11,0.33,0.22,0.21,0.02,-1.03,-1.43
Weighted Average Shs Out,22103000.0,22014000.0,21914000.0,21827000.0,21755000.0,21700000.0,21647000.0,21565000.0,21468455.0,21468455.0
Weighted Average Shs Out (Dil),22569000.0,22512000.0,22161000.0,21827000.0,21981000.0,21922000.0,21717000.0,21565000.0,21468000.0,21468000.0
Dividend per Share,0.0,0.0,0.0,0.0,0.0112369773896,0.0403704041602,0.10176359534,0.0,0.04,0.16
Gross Margin,0.0,0.0,0.0,0.0,0.0,0.0,0.0,0.0,1.0,1.0
EBITDA Margin,6.85856573705,3714.75,6.18522954092,-1044.0,1.2438817543,1.11924846626,2.7777051324,0.0,-1.455,-0.541
EBIT Margin,6.68247011952,3526.5,5.48423153693,-1281.0,1.24109522656,1.07400306748,2.52696959791,0.0,-1.6924,-0.6322
Profit Margin,5.45338645418,1800.75,3.96087824351,-624.25,0.910588805428,0.754856850716,1.82477933965,0.0,-1.227,-0.662
Free Cash Flow margin,7.84422310757,3746.0,6.7620758483,3821.25,2.37933123334,3.8638803681,7.74370709382,0.0,1.4902,-0.4638
EBITDA,17215000.0,14859000.0,15494000.0,-4176000.0,10267000.0,8757000.0,8497000.0,3499000.0,-26165000.0,-25196000.0
EBIT,16773000.0,14106000.0,13738000.0,-5124000.0,10244000.0,8403000.0,7730000.0,1504000.0,-30435000.0,-29423000.0
Consolidated Income,13688000.0,7203000.0,9922000.0,-2497000.0,7516000.0,5906000.0,5582000.0,1444000.0,-20993000.0,-29827000.0
Earnings Before Tax Margin,6.68247011952,3526.5,5.48423153693,-1281.0,1.24109522656,1.07400306748,2.52696959791,0.0,-1.6924,-0.6322
Net Profit Margin,5.45338645418,1800.75,3.96087824351,-624.25,0.910588805428,0.754856850716,1.82477933965,0.0,-1.1674,-0.6409
