date,,2020-06-30_FY,2019-06-30_FY,2018-06-30_FY,2017-06-30_FY,2016-06-30_FY,2015-06-30_FY,2014-06-30_FY,2013-06-30_FY,2012-06-30_FY,2011-06-30_FY,2010-06-30_FY,2009-06-30_FY,2008-06-30_FY,2007-06-30_FY,2006-06-30_FY,2005-06-30_FY,2004-06-30_FY,2003-06-30_FY,2002-06-30_FY,2001-06-30_FY,2000-06-30_FY,1999-06-30_FY,1998-06-30_FY,1997-06-30_FY,1996-06-30_FY,1995-06-30_FY,1994-06-30_FY,1993-06-30_FY
,revenue,589837000.0,746684000.0,766784000.0,763385000.0,794202000.0,754600000.0,746659000.0,729083000.0,729373000.0,678960000.0,590054000.0,674277000.0,980045000.0,1005312000.0,1066390000.0,949012000.0,955107000.0,907264000.0,892288000.0,904133000.0,856171000.0,762200000.0,679300000.0,571800000.0,509800000.0,476100000.0,437300000.0,384200000.0
,costOfRevenue,266705000.0,337193000.0,350820000.0,343662000.0,351966000.0,343437000.0,340163000.0,330734000.0,339085000.0,329500000.0,309777000.0,326935000.0,453980000.0,478729000.0,525408000.0,487958000.0,494027000.0,457880000.0,470975000.0,490477000.0,438586000.0,391100000.0,348200000.0,307800000.0,287900000.0,274800000.0,241000000.0,215800000.0
,grossProfit,323132000.0,409491000.0,415964000.0,419723000.0,442236000.0,411163000.0,406496000.0,398349000.0,390288000.0,349460000.0,280277000.0,347342000.0,526065000.0,526583000.0,540982000.0,461054000.0,461080000.0,449384000.0,421313000.0,413656000.0,417585000.0,371100000.0,331100000.0,264000000.0,221900000.0,201300000.0,196300000.0,168400000.0
,grossProfitRatio,0.547832706323951,0.548412715419106,0.54247871630081,0.549818243743327,0.556830629990859,0.544875430691757,0.544419875739796,0.54636989204247,0.535100696077316,0.514698951337339,0.47500228792619,0.515132504890423,0.536776372513507,0.52380057136491,0.507302206509814,0.485825258268599,0.482752194256769,0.495317790632054,0.472171541027112,0.457516759149373,0.487735510779973,0.486880083967463,0.487413513911379,0.461699895068206,0.435268732836406,0.422810333963453,0.448890921564144,0.438313378448725
,,,,,,,,,,,,,,,,,,,,,,,,,,,,,,,,,,,,,,,,,,,,,,,,,,,,,,,,,,,,,,,,,,,,,,,,,,,,,,,,,,,,,,,,,,,,,,,,,,,,,
COST And EXPENSES,,,,,,,,,,,,,,,,,,,,,,,,,,,,,,,,,,,,,,,,,,,,,,,,,,,,,,,,,,,,,,,,,,,,,,,,,,,,,,,,,,,,,,,,,,,,,,,,,,,,,
,ResearchAndDevelopmentExpenses,0.0,0.0,0.0,0.0,0.0,0.0,0.0,0.0,0.0,0.0,0.0,0.0,0.0,0.0,0.0,0.0,0.0,0.0,0.0,0.0,0.0,0.0,0.0,0.0,0.0,0.0,0.0,0.0
,GeneralAndAdministrativeExpenses,311507000.0,357164000.0,367097000.0,361773000.0,353057000.0,345229000.0,336860000.0,337912000.0,166813000.0,154792000.0,147013000.0,170312000.0,423229000.0,402022000.0,394069000.0,332295000.0,320755000.0,315578000.0,286290000.0,280703000.0,254511000.0,222100000.0,195800000.0,162400000.0,0.0,0.0,0.0,0.0
,SellingAndMarketingExpenses,0.0,0.0,0.0,0.0,0.0,0.0,0.0,0.0,173863000.0,161609000.0,142562000.0,182800000.0,0.0,0.0,0.0,0.0,0.0,0.0,0.0,0.0,0.0,0.0,0.0,0.0,0.0,0.0,0.0,0.0
,otherExpenses,0.0,0.0,0.0,0.0,0.0,0.0,0.0,0.0,0.0,0.0,0.0,0.0,0.0,0.0,0.0,0.0,0.0,0.0,0.0,0.0,0.0,0.0,0.0,0.0,0.0,0.0,0.0,0.0
,operatingExpenses,311507000.0,357164000.0,367097000.0,361773000.0,353057000.0,345229000.0,336860000.0,337912000.0,340676000.0,316401000.0,289575000.0,353112000.0,423229000.0,402022000.0,394069000.0,332295000.0,320755000.0,315578000.0,286290000.0,280703000.0,271486000.0,238400000.0,211700000.0,178800000.0,0.0,0.0,0.0,0.0
,costAndExpenses,578212000.0,694357000.0,717917000.0,705435000.0,705023000.0,688666000.0,677023000.0,668646000.0,679761000.0,645901000.0,599352000.0,680047000.0,877209000.0,880751000.0,919477000.0,820253000.0,814782000.0,773458000.0,757265000.0,771180000.0,710072000.0,629500000.0,559900000.0,486600000.0,455000000.0,431100000.0,388500000.0,351800000.0
,interestExpense,455000.0,87000.0,325000.0,1223000.0,1618000.0,9251000.0,7510000.0,10263000.0,9020000.0,11126000.0,11924000.0,11764000.0,0.0,0.0,0.0,0.0,0.0,0.0,0.0,0.0,0.0,0.0,0.0,0.0,0.0,0.0,0.0,0.0
,,,,,,,,,,,,,,,,,,,,,,,,,,,,,,,,,,,,,,,,,,,,,,,,,,,,,,,,,,,,,,,,,,,,,,,,,,,,,,,,,,,,,,,,,,,,,,,,,,,,,
EBITDA,,,,,,,,,,,,,,,,,,,,,,,,,,,,,,,,,,,,,,,,,,,,,,,,,,,,,,,,,,,,,,,,,,,,,,,,,,,,,,,,,,,,,,,,,,,,,,,,,,,,,
,depreciationAndAmortization,16859000.0,19637000.0,19831000.0,20115000.0,19353000.0,19142000.0,17930000.0,18008000.0,18581000.0,20816000.0,29398000.0,25635000.0,24670000.0,23013000.0,21599000.0,21338000.0,21277000.0,21296000.0,19314000.0,20220000.0,16975000.0,16300000.0,15900000.0,16400000.0,17500000.0,17300000.0,17200000.0,19500000.0
,EBITDA,28484000.0,71964000.0,68698000.0,78065000.0,108532000.0,85076000.0,87566000.0,78445000.0,68193000.0,53875000.0,20100000.0,19865000.0,127506000.0,147574000.0,168512000.0,150097000.0,161602000.0,155102000.0,154337000.0,153173000.0,163074000.0,149000000.0,135300000.0,101600000.0,72300000.0,62300000.0,66000000.0,51900000.0
,EBITDARatio,0.0482913075985399,0.0963781197936476,0.0895923754277606,0.102261637312758,0.136655410084588,0.112743175192155,0.117277097041621,0.107594059935563,0.0934953720524341,0.0793492989277719,0.0340646788260058,0.029461185833122,0.13010218918519,0.146794229055258,0.158020986693424,0.158161329888347,0.169197796686654,0.170955752680587,0.172967696528475,0.169414234410203,0.190468960055877,0.195486748884807,0.199175621963786,0.177684505071703,0.141820321694782,0.130854862423861,0.150926137662932,0.135085892764185
,,,,,,,,,,,,,,,,,,,,,,,,,,,,,,,,,,,,,,,,,,,,,,,,,,,,,,,,,,,,,,,,,,,,,,,,,,,,,,,,,,,,,,,,,,,,,,,,,,,,,
INCOME,,,,,,,,,,,,,,,,,,,,,,,,,,,,,,,,,,,,,,,,,,,,,,,,,,,,,,,,,,,,,,,,,,,,,,,,,,,,,,,,,,,,,,,,,,,,,,,,,,,,,
,operatingIncome,11625000.0,52327000.0,48867000.0,57950000.0,89179000.0,65934000.0,69636000.0,60437000.0,49612000.0,33059000.0,-9298000.0,-5770000.0,102836000.0,124561000.0,146913000.0,128759000.0,140325000.0,133806000.0,135023000.0,132953000.0,146099000.0,132700000.0,119400000.0,85200000.0,54800000.0,45000000.0,48800000.0,32400000.0
,operatingIncomeRatio,0.0197088348136858,0.0700791767333973,0.0637298117853268,0.0759118924264952,0.112287554047963,0.0873760932944606,0.0932634576158595,0.0828945401278044,0.068020066550311,0.0486906445151408,-0.0157578797872737,-0.00855731398223579,0.104929875668974,0.123902828176725,0.137766670730221,0.135676893442865,0.146920711501434,0.147482981800226,0.151322218835174,0.147050268046847,0.170642313276203,0.174101285751771,0.17576917414986,0.14900314795383,0.107493134562574,0.0945179584120983,0.111593871484107,0.0843310775637689
,totalOtherIncomeExpensesNet,3019000.0,-18380000.0,0.0,0.0,0.0,0.0,0.0,0.0,85000.0,-1126000.0,-2437000.0,-67001000.0,-6836000.0,-13442000.0,-4241000.0,219000.0,-12520000.0,-13223000.0,-5123000.0,-6906000.0,0.0,1700000.0,3400000.0,1300000.0,1000000.0,1800000.0,1700000.0,3000000.0
,incomeBeforeTax,14189000.0,33860000.0,49067000.0,56995000.0,87956000.0,56683000.0,62402000.0,50174000.0,41239000.0,26371000.0,-18787000.0,-81180000.0,92178000.0,109726000.0,138105000.0,129420000.0,130496000.0,121192000.0,132244000.0,128103000.0,146770000.0,132700000.0,118500000.0,80700000.0,46900000.0,35900000.0,38600000.0,-3400000.0
,incomeBeforeTaxRatio,0.024055798466356,0.0453471615837489,0.0639906414322678,0.0746608853985866,0.110747643546604,0.0751166180758017,0.0835749652786613,0.0688179535114658,0.0565403435553551,0.0388402851419819,-0.0318394587614015,-0.120395623757002,0.0940548648276355,0.109146215304304,0.129507028385487,0.136373407290951,0.136629717926892,0.133579641647856,0.148207753550423,0.141686013009148,0.1714260352196,0.174101285751771,0.174444280877374,0.141133263378804,0.0919968615143193,0.0754043268220962,0.0882689229361994,-0.00884955752212389
,incomeTaxExpense,5289000.0,8162000.0,12696000.0,20801000.0,31319000.0,19541000.0,19471000.0,17696000.0,-8455000.0,-2879000.0,25529000.0,-28493000.0,34106000.0,40499000.0,52423000.0,50082000.0,50156000.0,45811000.0,49988000.0,48423000.0,56200000.0,51400000.0,46600000.0,32000000.0,18800000.0,13200000.0,16000000.0,-1100000.0
,netIncome,8900000.0,25698000.0,36371000.0,36194000.0,56637000.0,37142000.0,42931000.0,32478000.0,49694000.0,29250000.0,-44316000.0,-52687000.0,58072000.0,69227000.0,85682000.0,79338000.0,80340000.0,75381000.0,82256000.0,79680000.0,90570000.0,81300000.0,71100000.0,48700000.0,28100000.0,22100000.0,22600000.0,-17400000.0
,netIncomeRatio,0.0150889143949939,0.0344161653390189,0.0474331754444537,0.0474125113802341,0.0713130916316,0.0492207792207792,0.0574974653757606,0.0445463685204565,0.068132491880012,0.0430805938494168,-0.07510499039071,-0.0781385098409111,0.0592544219908269,0.0688612092564298,0.080347715188627,0.0836006288645454,0.0841162299093191,0.0830860697658014,0.0921854827141013,0.0881286270935803,0.105784942493964,0.106664917344529,0.104666568526424,0.0851696397341728,0.0551196547665751,0.0464188195757194,0.0516807683512463,-0.045288912024987
,,,,,,,,,,,,,,,,,,,,,,,,,,,,,,,,,,,,,,,,,,,,,,,,,,,,,,,,,,,,,,,,,,,,,,,,,,,,,,,,,,,,,,,,,,,,,,,,,,,,,
EPS,,,,,,,,,,,,,,,,,,,,,,,,,,,,,,,,,,,,,,,,,,,,,,,,,,,,,,,,,,,,,,,,,,,,,,,,,,,,,,,,,,,,,,,,,,,,,,,,,,,,,
,EPS,0.355247,0.962652182056565,1.33,1.31,2.02,1.29,1.48,1.13,1.72,1.02,-1.53,-1.83,1.98,2.19,2.58,2.24,2.16,2.0,2.12,2.02,2.25,1.97,1.653333,0.556667,0.643333,0.18,0.17,-0.16
,EPSDiluted,0.34,0.960636985533251,1.32,1.29,2.0,1.27,1.47,1.11,1.71,1.01,-1.53,-1.83,1.97,2.15,2.51,2.19,2.1,1.95,2.06,1.98,2.2,1.92,1.613333,0.556667,0.643333,0.18,0.17,-0.16
,weightedAverageShsOut,25053000.0,26695000.0,27321000.0,27679000.0,28072000.0,28874000.0,28918000.0,28864000.0,28824000.0,28758000.0,28982000.0,28814000.0,29267000.0,31566000.0,33210000.0,35400000.0,37179000.0,37607000.0,38828000.0,39390000.0,40253333.0,41269036.0,43004032.0,43125999.0,43678756.0,43052000.0,42927000.0,38759000.0
,weightedAverageShsOutDil,26069000.0,26751000.0,27625000.0,27958000.0,28324000.0,29182000.0,29276000.0,29239000.0,29109000.0,28966000.0,28982000.0,28814000.0,29470000.0,32261000.0,34086000.0,36193000.0,38295000.0,38569000.0,39942000.0,40321000.0,41168182.0,42343750.0,44070248.0,43125999.0,43678756.0,43052000.0,42927000.0,38759000.0
