Date,2018-12-31,2017-12-31,2016-12-31,2015-12-31,2014-12-31,2013-12-31,2012-12-31,2011-12-31,2010-12-31,2009-12-31
Revenue,1462567000.0,592884000.0,460245000.0,411378000.0,379789000.0,377618000.0,388924000.0,382727000.0,391447000.0,372432000.0
Revenue Growth,1.46686872980212,0.288192158524264,0.118788559427096,0.0831751314545708,0.00574919627771981,-0.0290699468276578,0.0161916979988347,-0.0222763234869599,0.0510563002105082,-0.1513
Cost of Revenue,1099278000.0,443512000.0,318744000.0,287711000.0,259184000.0,252596000.0,252934000.0,263420000.0,258896000.0,254042000.0
Gross Profit,363289000.0,149372000.0,141501000.0,123667000.0,120605000.0,125022000.0,135990000.0,119307000.0,132551000.0,118390000.0
R&D Expenses,0.0,0.0,0.0,0.0,0.0,0.0,0.0,0.0,0.0,0.0
SG&A Expense,69492000.0,47859000.0,33328000.0,26479000.0,26572000.0,24381000.0,25874000.0,26609000.0,21954000.0,22875000.0
Operating Expenses,1728186000.0,580300000.0,362188000.0,325796000.0,294213000.0,285051000.0,312330000.0,303254000.0,34842000.0,107569000.0
Operating Income,-265619000.0,12584000.0,98057000.0,85582000.0,85576000.0,92567000.0,76594000.0,79473000.0,97709000.0,10821000.0
Interest Expense,101121000.0,32521000.0,36639000.0,37961000.0,38821000.0,44232000.0,53446000.0,24919000.0,30491000.0,31171000.0
Earnings before Tax,-366740000.0,-24072000.0,52859000.0,47621000.0,46734000.0,48500000.0,23742000.0,52066000.0,67031000.0,-131000.0
Income Tax Expense,-4153000.0,-257085000.0,14794000.0,18437000.0,19911000.0,22476000.0,12474000.0,-16444000.0,20595000.0,-5529000.0
Net Income - Non-Controlling int,0.0,0.0,0.0,0.0,0.0,0.0,0.0,0.0,0.0,0.0
Net Income - Discontinued ops,0.0,0.0,0.0,0.0,0.0,0.0,0.0,0.0,0.0,0.0
Net Income,-361435000.0,233849000.0,38065000.0,29184000.0,26823000.0,26024000.0,11268000.0,68510000.0,46436000.0,5398000.0
Preferred Dividends,0.0,2015000.0,1901000.0,752000.0,0.0,0.0,0.0,0.0,0.0,0.0
Net Income Com,-361435000.0,233849000.0,38065000.0,29184000.0,26823000.0,26024000.0,11268000.0,68510000.0,46436000.0,5398000.0
EPS,-2.62,4.51,0.94,0.75,0.71,0.7,0.31,1.88,1.3,0.15
EPS Diluted,-2.62,4.16,0.91,0.73,0.69,0.68,0.3,1.81,1.23,0.15
Weighted Average Shs Out,138069608.0,51392899.0,38500495.0,38083947.0,37763353.0,37417807.0,36906468.0,36369410.0,37111505.0,39144499.0
Weighted Average Shs Out (Dil),138069608.0,55678189.0,39568062.0,39037623.0,38664066.0,38301495.0,37809646.0,37763965.0,35712026.0,35321431.0
Dividend per Share,0.360470350579,0.52616653893,0.219015022773,0.0105795375912,0.0,0.0,0.0,0.0,0.0,0.0
Gross Margin,0.248391355746,0.251941357837,0.307447120555,0.300616464663,0.317557907154,0.33108061586,0.349657002396,0.311728725697,0.3386,0.3179
EBITDA Margin,-0.151106923649,0.049758468773,0.240626188226,0.23628876605,0.256813651791,0.278736712763,0.236766051979,0.246496850235,0.281,0.128
EBIT Margin,-0.18161150908,0.0212250625755,0.213053916936,0.208037376816,0.225325114735,0.245133971368,0.196938219292,0.207649316615,0.2491,0.0833
Profit Margin,-0.247123721512,0.394426228402,0.0827059500918,0.0709420532941,0.0706260581533,0.0689162063249,0.0289722413634,0.179004878151,0.119,0.014
Free Cash Flow margin,0.0495102104724,0.0144750069153,0.140564264685,0.140374546038,0.149788435157,0.156306108289,0.169734961072,0.208537678293,0.2243,0.1921
EBITDA,-221004000.0,29501000.0,110747000.0,97204000.0,97535000.0,105256000.0,92084000.0,94341000.0,110182000.0,47640000.0
EBIT,-265619000.0,12584000.0,98057000.0,85582000.0,85576000.0,92567000.0,76594000.0,79473000.0,97522000.0,31040000.0
Consolidated Income,-361435000.0,233849000.0,38065000.0,29184000.0,26823000.0,26024000.0,11268000.0,68510000.0,46436000.0,5398000.0
Earnings Before Tax Margin,-0.25075090577,-0.0406015341956,0.114849699617,0.115759714909,0.123052537067,0.128436674099,0.0610453456202,0.136039526869,0.1712,-0.0004
Net Profit Margin,-0.247123721512,0.394426228402,0.0827059500918,0.0709420532941,0.0706260581533,0.0689162063249,0.0289722413634,0.179004878151,0.1186,0.0145
