date,,2019-12-31_FY,2018-12-31_FY,2017-12-31_FY,2016-12-31_FY,2015-12-31_FY,2014-12-31_FY,2013-12-31_FY,2012-12-31_FY,2011-12-31_FY,2010-12-31_FY,2009-12-31_FY,2008-12-31_FY,2007-12-31_FY,2006-12-31_FY,2005-12-31_FY,2004-12-31_FY,2003-12-31_FY
,revenue,54032000000.0,54087000000.0,29054000000.0,21827000000.0,34292000000.0,51158000000.0,46339000000.0,15702000000.0,6850440000.0,5884827000.0,5417295000.0,9293868000.0,7405836000.0,5854550000.0,4496907000.0,2674203000.0,2674203000.0
,costOfRevenue,42727000000.0,44501000000.0,23133000000.0,17380000000.0,28958000000.0,46670000000.0,42236000000.0,12922000000.0,4963120000.0,4307212000.0,3802949000.0,6938080000.0,7156142000.0,5644021000.0,4326713000.0,4959799000.0,4959799000.0
,grossProfit,11305000000.0,9586000000.0,5921000000.0,4447000000.0,5334000000.0,4488000000.0,4103000000.0,2780000000.0,1887320000.0,1577615000.0,1614346000.0,2355788000.0,249694000.0,210529000.0,170194000.0,-2285596000.0,-2285596000.0
,grossProfitRatio,0.209227864968907,0.177232976500823,0.203792937289186,0.203738489027351,0.155546483144757,0.0877282145509989,0.0885431278188998,0.177047509871354,0.275503471309872,0.268081797476799,0.297998539861684,0.253477669362207,0.0337158424788235,0.0359598944410757,0.0378469023264212,-0.854683058840335,-0.854683058840335
,,,,,,,,,,,,,,,,,,,,,,,,,,,,,,,,,,,,,,,,,,,,,,,,,,,,,,,,,,,,,,,,,,,,,,,,,,,,,,,,,,,,,,,,,,,,,,,,,,,,,
COST And EXPENSES,,,,,,,,,,,,,,,,,,,,,,,,,,,,,,,,,,,,,,,,,,,,,,,,,,,,,,,,,,,,,,,,,,,,,,,,,,,,,,,,,,,,,,,,,,,,,,,,,,,,,
,ResearchAndDevelopmentExpenses,0.0,0.0,0.0,0.0,0.0,0.0,0.0,0.0,0.0,0.0,0.0,0.0,0.0,0.0,0.0,0.0,0.0
,GeneralAndAdministrativeExpenses,679000000.0,664000000.0,434000000.0,348000000.0,475000000.0,377000000.0,485000000.0,486000000.0,211609000.0,176433000.0,173936000.0,194227000.0,56198000.0,55686000.0,53048000.0,48412000.0,48412000.0
,SellingAndMarketingExpenses,0.0,0.0,0.0,0.0,0.0,0.0,0.0,0.0,0.0,0.0,0.0,0.0,0.0,0.0,0.0,0.0,0.0
,otherExpenses,303000000.0,69000000.0,209000000.0,131000000.0,22000000.0,-25000000.0,-163000000.0,11000000.0,0.0,0.0,0.0,0.0,7099944000.0,5588335000.0,4273665000.0,2470748000.0,2470748000.0
,operatingExpenses,3946000000.0,3753000000.0,2604000000.0,1832000000.0,2736000000.0,2013000000.0,1873000000.0,1386000000.0,642513000.0,519444000.0,486739000.0,1238209000.0,7156142000.0,5644021000.0,4326713000.0,2519160000.0,2519160000.0
,costAndExpenses,46673000000.0,48254000000.0,25737000000.0,19212000000.0,31694000000.0,48683000000.0,44109000000.0,14308000000.0,5605633000.0,4826656000.0,4289688000.0,8176289000.0,7249681000.0,5736356000.0,4413599000.0,2594729000.0,2594729000.0
,interestExpense,2257000000.0,1709000000.0,1365000000.0,1317000000.0,1291000000.0,860000000.0,849000000.0,665000000.0,474113000.0,412553000.0,394274000.0,265701000.0,-35280000.0,-27853000.0,-21599000.0,0.0,0.0
,,,,,,,,,,,,,,,,,,,,,,,,,,,,,,,,,,,,,,,,,,,,,,,,,,,,,,,,,,,,,,,,,,,,,,,,,,,,,,,,,,,,,,,,,,,,,,,,,,,,,
EBITDA,,,,,,,,,,,,,,,,,,,,,,,,,,,,,,,,,,,,,,,,,,,,,,,,,,,,,,,,,,,,,,,,,,,,,,,,,,,,,,,,,,,,,,,,,,,,,,,,,,,,,
,depreciationAndAmortization,0.0,0.0,0.0,0.0,0.0,1130000000.0,1032000000.0,656000000.0,430904000.0,343011000.0,312803000.0,262151000.0,37341000.0,36649000.0,33838000.0,31933000.0,27157000.0
,EBITDA,11084000000.0,9089000000.0,6014000000.0,4791000000.0,5018000000.0,3605000000.0,3262000000.0,2050000000.0,1675711000.0,1401182000.0,1440410000.0,1379730000.0,193496000.0,154843000.0,117146000.0,111407000.0,106631000.0
,EBITDARatio,0.205137696180041,0.168044077134986,0.206993873476974,0.219498785907362,0.146331505890587,0.0704679620000782,0.0703942683268953,0.130556616991466,0.244613630657301,0.238100797185712,0.265891002797522,0.148455949664876,0.0261275026884203,0.0264483179749084,0.0260503497181507,0.0416598889463515,0.0398739362718537
,,,,,,,,,,,,,,,,,,,,,,,,,,,,,,,,,,,,,,,,,,,,,,,,,,,,,,,,,,,,,,,,,,,,,,,,,,,,,,,,,,,,,,,,,,,,,,,,,,,,,
INCOME,,,,,,,,,,,,,,,,,,,,,,,,,,,,,,,,,,,,,,,,,,,,,,,,,,,,,,,,,,,,,,,,,,,,,,,,,,,,,,,,,,,,,,,,,,,,,,,,,,,,,
,operatingIncome,7359000000.0,5833000000.0,3317000000.0,2615000000.0,2598000000.0,2475000000.0,2230000000.0,1394000000.0,1244807000.0,1058171000.0,1127607000.0,1117579000.0,156155000.0,118194000.0,83308000.0,79474000.0,79474000.0
,operatingIncomeRatio,0.136197068403909,0.10784476861353,0.114166724031114,0.119805745177991,0.0757611104630818,0.0483795300832714,0.0481236107814152,0.0887784995541969,0.181711977624795,0.179813442264318,0.208149454663259,0.120249071753548,0.0210853980563437,0.0201884004748444,0.0185256221665247,0.0297187610663813,0.0297187610663813
,totalOtherIncomeExpensesNet,284000000.0,-80000000.0,-947000000.0,-860000000.0,91000000.0,229000000.0,-549000000.0,1091000000.0,-54717000.0,-12860000.0,70986000.0,20825000.0,28381000.0,17315000.0,14295000.0,16730000.0,16730000.0
,incomeBeforeTax,5386000000.0,4044000000.0,1005000000.0,438000000.0,1398000000.0,1844000000.0,832000000.0,1820000000.0,715977000.0,632758000.0,804319000.0,872703000.0,120875000.0,90341000.0,61709000.0,59434000.0,59434000.0
,incomeBeforeTaxRatio,0.0996816701214095,0.0747684286427422,0.0345907620293247,0.020066889632107,0.0407675259535752,0.0360451933226475,0.0179546386413172,0.11590880142657,0.10451547637816,0.107523636633668,0.148472438735568,0.0939009463013677,0.0163215874615641,0.0154309041685527,0.0137225430723829,0.0222249395427348,0.0222249395427348
,incomeTaxExpense,200000000.0,5000000.0,-1496000000.0,-186000000.0,-123000000.0,355000000.0,97000000.0,63000000.0,18815000.0,15536000.0,12777000.0,6680000.0,0.0,0.0,0.0,0.0,0.0
,netIncome,4084000000.0,3025000000.0,1988000000.0,-62000000.0,1046000000.0,1119000000.0,408000000.0,1569000000.0,668974000.0,617222000.0,791542000.0,866023000.0,120875000.0,90341000.0,61709000.0,59434000.0,59434000.0
,netIncomeRatio,0.0755848386141546,0.0559284116331096,0.0684243133475597,-0.00284051862372291,0.0305027411641199,0.0218734117831033,0.00880467856449211,0.099923576614444,0.0976541652798944,0.104883626995322,0.14611388155897,0.0931821928178881,0.0163215874615641,0.0154309041685527,0.0137225430723829,0.0222249395427348,0.0222249395427348
,,,,,,,,,,,,,,,,,,,,,,,,,,,,,,,,,,,,,,,,,,,,,,,,,,,,,,,,,,,,,,,,,,,,,,,,,,,,,,,,,,,,,,,,,,,,,,,,,,,,,
EPS,,,,,,,,,,,,,,,,,,,,,,,,,,,,,,,,,,,,,,,,,,,,,,,,,,,,,,,,,,,,,,,,,,,,,,,,,,,,,,,,,,,,,,,,,,,,,,,,,,,,,
,EPS,3.95468190181079,2.92921467996514,0.94,-1.373333,-0.06,2.25037707390649,-0.12,2.953333,2.15195753122714,0.8,3.15348106634099,2.5,4.22946525947852,3.30967095003101,2.52364292184596,2.5228883756668,2.60998332454541
,EPSDiluted,3.95468190181079,2.92921467996514,0.93,-1.373333,-0.066667,2.24158653846154,-0.12,2.946667,2.14255800121919,0.793333,3.14536492127303,2.493333,4.20844267740723,3.29452193146704,2.50603065277248,2.49867066045893,2.59759649117746
,weightedAverageShsOut,1032700000.0,1032700000.0,1032700000.0,758250000.0,649200000.0,497250000.0,515100000.0,452228406.0,310867659.0,282115714.0,251005788.0,220306891.0,28579263.0,27296067.0,24452350.0,23557919.0,22771793.0
,weightedAverageShsOutDil,1032700000.0,1032700000.0,1037800000.0,758250000.0,653100000.0,499200000.0,515100000.0,559276018.0,312231454.0,283076094.0,251653471.0,220635912.0,28722026.0,27421581.0,24624200.0,23786248.0,22880382.0
