Date,2018-12-31,2017-12-31,2016-12-31,2015-12-31,2014-12-31,2013-12-31,2012-12-31,2011-12-31,2010-12-31,2009-12-31
Revenue,448508000.0,415581000.0,392666000.0,421389000.0,460141000.0,368078425.0,279633212.0,215779014.0,134145710.0,89870991.0
Revenue Growth,0.0792,0.0584,-0.0682,-0.0842,0.2501,0.3163,0.2959,0.6085,0.4926,-0.078
Cost of Revenue,301153000.0,279839000.0,271506000.0,292090000.0,337893000.0,273484086.0,214577277.0,171234899.0,107987342.0,71565767.0
Gross Profit,147355000.0,135742000.0,121160000.0,129299000.0,122248000.0,94594339.0,65055935.0,44544115.0,26158368.0,18305224.0
R&D Expenses,0.0,0.0,0.0,0.0,0.0,0.0,0.0,0.0,0.0,0.0
SG&A Expense,131250000.0,120993000.0,111440000.0,112493000.0,100434000.0,76448472.0,49972035.0,32490543.0,19542449.0,12192514.0
Operating Expenses,132336000.0,120993000.0,111440000.0,112493000.0,100434000.0,76448472.0,49972035.0,32490543.0,19542449.0,12192514.0
Operating Income,15019000.0,14749000.0,9720000.0,16806000.0,21814000.0,18145867.0,15083900.0,12053572.0,6615919.0,6112710.0
Interest Expense,1989000.0,1648000.0,1997000.0,2689000.0,3269000.0,3005579.0,2103103.0,1446192.0,490001.0,443106.0
Earnings before Tax,16950000.0,18264000.0,10841000.0,18623000.0,21843000.0,17366012.0,14710553.0,11687249.0,7784291.0,5066782.0
Income Tax Expense,4942000.0,5805000.0,4077000.0,5054000.0,5477000.0,6627434.0,1907611.0,2040246.0,1134214.0,814686.0
Net Income - Non-Controlling int,-568000.0,-394000.0,-580000.0,-264000.0,0.0,0.0,0.0,0.0,58701.0,129984.0
Net Income - Discontinued ops,0.0,0.0,0.0,0.0,0.0,0.0,0.0,0.0,0.0,0.0
Net Income,12008000.0,12459000.0,6764000.0,13569000.0,16366000.0,10738578.0,12802942.0,9647003.0,6650077.0,4252096.0
Preferred Dividends,0.0,0.0,0.0,0.0,0.0,0.0,0.0,0.0,0.0,0.0
Net Income Com,12008000.0,12459000.0,6764000.0,13569000.0,16366000.0,10738578.0,12802942.0,9647003.0,6650077.0,4252096.0
EPS,0.81,0.84,0.46,0.92,1.11,0.73,0.87,0.65,0.45,0.31
EPS Diluted,0.81,0.84,0.46,0.92,1.11,0.73,0.87,0.65,0.45,0.29
Weighted Average Shs Out,14798198.0,14795992.0,14787940.0,14785868.0,14784094.0,14781241.0,14772270.0,14760873.0,14750783.0,13560240.0
Weighted Average Shs Out (Dil),14796947.0,14795992.0,14787270.0,14784847.0,14782320.0,14778080.0,14767253.0,14757319.0,14737945.0,13552837.0
Dividend per Share,0.0,0.0,0.0,0.0,0.0,0.0,0.0,0.0,0.0,0.0
Gross Margin,0.3285,0.3266,0.3086,0.3068,0.2657,0.257,0.2326,0.2064,0.195,0.2037
EBITDA Margin,0.057,0.065,0.053,0.071,0.071,0.073,0.078,0.078,0.079,0.082
EBIT Margin,0.0422,0.0479,0.0327,0.0506,0.0546,0.0553,0.0601,0.0609,0.0617,0.0613
Profit Margin,0.027,0.03,0.017,0.032,0.036,0.029,0.046,0.045,0.05,0.047
Free Cash Flow margin,-0.0214,0.0153,0.0844,0.015,-0.0028,-0.0017,0.0454,-0.02,-0.0721,0.0199
EBITDA,25603000.0,26927000.0,20753000.0,29807000.0,32644000.0,26840398.0,21775166.0,16909986.0,10616831.0,7402542.0
EBIT,18939000.0,19912000.0,12838000.0,21312000.0,25112000.0,20371591.0,16813656.0,13133441.0,8274292.0,5509888.0
Consolidated Income,11440000.0,12065000.0,6184000.0,13305000.0,16366000.0,10738578.0,12802942.0,9647003.0,6708778.0,4382080.0
Earnings Before Tax Margin,0.0378,0.0439,0.0276,0.0442,0.0475,0.0472,0.0526,0.0542,0.058,0.0564
Net Profit Margin,0.0268,0.03,0.0172,0.0322,0.0356,0.0292,0.0458,0.0447,0.0496,0.0473
