date,,2020-12-31_FY,2019-12-31_FY,2018-12-31_FY,2017-12-31_FY,2016-12-31_FY,2015-12-31_FY,2014-12-31_FY,2013-12-31_FY,2012-12-31_FY,2011-12-31_FY,2010-12-31_FY,2009-12-31_FY,2008-12-31_FY,2007-12-31_FY,2006-12-31_FY,2005-12-31_FY
,revenue,5199000000.0,12067000000.0,11223000000.0,10059844000.0,8773564000.0,6672317000.0,5763485000.0,4771259000.0,4030347000.0,3449009000.0,3348109000.0,2955426000.0,2937013000.0,2665332000.0,2237586000.0,2119455000.0
,costOfRevenue,1680000000.0,2163000000.0,1965000000.0,1756531000.0,1596698000.0,1309559000.0,1179081000.0,1038034000.0,898604000.0,761272000.0,692832000.0,607251000.0,634744000.0,562401000.0,502638000.0,470716000.0
,grossProfit,3519000000.0,9904000000.0,9258000000.0,8303313000.0,7176866000.0,5362758000.0,4584404000.0,3733225000.0,3131743000.0,2687737000.0,2655277000.0,2348175000.0,2302269000.0,2102931000.0,1734948000.0,1648739000.0
,grossProfitRatio,0.676860934795153,0.82075080798873,0.824913124832932,0.825391825161503,0.8180103319472,0.803732496522572,0.795422214163826,0.782440232232205,0.7770405377006,0.77927804769428,0.793067668943872,0.794530128651504,0.783881106416621,0.788994016505261,0.77536595241479,0.777907056295132
,,,,,,,,,,,,,,,,,,,,,,,,,,,,,,,,,,,,,,,,,,,,,,,,,,,,,,,,,,,,,,,,,,,,,,,,,,,,,,,,,,,,,,,,,,,,,,,,,,,,,
COST And EXPENSES,,,,,,,,,,,,,,,,,,,,,,,,,,,,,,,,,,,,,,,,,,,,,,,,,,,,,,,,,,,,,,,,,,,,,,,,,,,,,,,,,,,,,,,,,,,,,,,,,,,,,
,ResearchAndDevelopmentExpenses,1010000000.0,1763000000.0,1617000000.0,1386787000.0,1235019000.0,830244000.0,686154000.0,577820000.0,484898000.0,380999000.0,362447000.0,319708000.0,208952000.0,182483000.0,140371000.0,0.0
,GeneralAndAdministrativeExpenses,597000000.0,847000000.0,808000000.0,675961000.0,678292000.0,573913000.0,425373000.0,377078000.0,345354000.0,330563000.0,314109000.0,290484000.0,355431000.0,1313810000.0,1075844000.0,909018000.0
,SellingAndMarketingExpenses,2546000000.0,6135000000.0,5767000000.0,5297832000.0,4367417000.0,3381086000.0,2808329000.0,2196145000.0,1721037000.0,1474641000.0,1204141000.0,1027062000.0,1101403000.0,0.0,0.0,0.0
,otherExpenses,-6000000.0,12000000.0,-2000000.0,-2777000.0,-2829000.0,10912000.0,6083000.0,-2788000.0,1067000.0,0.0,0.0,0.0,0.0,0.0,0.0,0.0
,operatingExpenses,5046000000.0,8943000000.0,8475000000.0,7636025000.0,6597869000.0,4948908000.0,3999471000.0,3222774000.0,2582994000.0,2208128000.0,1917820000.0,1742593000.0,1735222000.0,1573862000.0,1383619000.0,1251687000.0
,costAndExpenses,6726000000.0,11106000000.0,10440000000.0,9392556000.0,8194567000.0,6258467000.0,5178552000.0,4260808000.0,3481598000.0,2969400000.0,2610652000.0,2349844000.0,2369966000.0,2136263000.0,1886257000.0,1722403000.0
,interestExpense,360000000.0,173000000.0,190000000.0,181712000.0,173148000.0,126195000.0,98089000.0,87358000.0,87788000.0,90718000.0,101291000.0,84233000.0,71984000.0,0.0,0.0,0.0
,,,,,,,,,,,,,,,,,,,,,,,,,,,,,,,,,,,,,,,,,,,,,,,,,,,,,,,,,,,,,,,,,,,,,,,,,,,,,,,,,,,,,,,,,,,,,,,,,,,,,
EBITDA,,,,,,,,,,,,,,,,,,,,,,,,,,,,,,,,,,,,,,,,,,,,,,,,,,,,,,,,,,,,,,,,,,,,,,,,,,,,,,,,,,,,,,,,,,,,,,,,,,,,,
,depreciationAndAmortization,893000000.0,198000000.0,283000000.0,275445000.0,317141000.0,163665000.0,79615000.0,71731000.0,31705000.0,21925000.0,37123000.0,37681000.0,69436000.0,77569000.0,120404000.0,138664000.0
,EBITDA,-634000000.0,1159000000.0,1066000000.0,942733000.0,896138000.0,577515000.0,664548000.0,582182000.0,580454000.0,501534000.0,774580000.0,643263000.0,636483000.0,606638000.0,471733000.0,535716000.0
,EBITDARatio,-0.121946528178496,0.0960470705229137,0.094983515993941,0.09371248699284,0.102140703595483,0.0865538912494715,0.115303154254761,0.122018528023735,0.144020849817646,0.145413943541464,0.231348501497412,0.217654916753118,0.216710991745695,0.227603165384275,0.210822287947815,0.252761205121128
,,,,,,,,,,,,,,,,,,,,,,,,,,,,,,,,,,,,,,,,,,,,,,,,,,,,,,,,,,,,,,,,,,,,,,,,,,,,,,,,,,,,,,,,,,,,,,,,,,,,,
INCOME,,,,,,,,,,,,,,,,,,,,,,,,,,,,,,,,,,,,,,,,,,,,,,,,,,,,,,,,,,,,,,,,,,,,,,,,,,,,,,,,,,,,,,,,,,,,,,,,,,,,,
,operatingIncome,-1527000000.0,961000000.0,783000000.0,667288000.0,578997000.0,413850000.0,584933000.0,510451000.0,548749000.0,479609000.0,737457000.0,605582000.0,567047000.0,529069000.0,351329000.0,397052000.0
,operatingIncomeRatio,-0.293710328909406,0.0796386840142538,0.0697674418604651,0.0663318437144751,0.0659933637003161,0.0620249307699259,0.101489463406255,0.10698455061861,0.136154281504794,0.139057045081645,0.220260750172709,0.204905147345933,0.193069285018486,0.198500224362293,0.157012512591695,0.187336838951523
,totalOtherIncomeExpensesNet,-1282000000.0,-72000000.0,-179000000.0,-102949000.0,-148975000.0,621612000.0,-49491000.0,-147179000.0,-137300000.0,-7037000.0,-22758000.0,-69532000.0,-3040178000.0,-18607000.0,-28230000.0,-235859000.0
,incomeBeforeTax,-3151000000.0,775000000.0,485000000.0,416764000.0,276600000.0,925962000.0,464641000.0,300693000.0,350057000.0,402072000.0,620568000.0,458023000.0,-2514704000.0,496984000.0,384898000.0,413871000.0
,incomeBeforeTaxRatio,-0.606078091940758,0.0642247451727853,0.0432148266951795,0.041428475431627,0.0315265267341755,0.138776679825014,0.0806180635500917,0.063021730742347,0.0868553005485632,0.116576094756494,0.185348804354936,0.154976981321813,-0.856211395727564,0.186462324393359,0.172014840993821,0.195272369547832
,incomeTaxExpense,-423000000.0,203000000.0,87000000.0,45405000.0,15315000.0,203214000.0,91691000.0,84335000.0,47078000.0,75731000.0,195008000.0,154400000.0,5966000.0,203114000.0,139451000.0,185977000.0
,netIncome,-2612000000.0,565000000.0,406000000.0,377964000.0,281848000.0,764465000.0,398097000.0,232850000.0,280171000.0,472294000.0,421500000.0,299526000.0,-2517763000.0,295864000.0,244934000.0,228730000.0
,netIncomeRatio,-0.502404308520869,0.0468219109969338,0.0361757105943152,0.0375715567756319,0.0321246872992549,0.114572643955615,0.0690722713774739,0.0488026325965537,0.0695153543851187,0.136936146005998,0.125891958714606,0.101347825998689,-0.857252930102795,0.111004557781169,0.109463502184944,0.107919252826788
,,,,,,,,,,,,,,,,,,,,,,,,,,,,,,,,,,,,,,,,,,,,,,,,,,,,,,,,,,,,,,,,,,,,,,,,,,,,,,,,,,,,,,,,,,,,,,,,,,,,,
EPS,,,,,,,,,,,,,,,,,,,,,,,,,,,,,,,,,,,,,,,,,,,,,,,,,,,,,,,,,,,,,,,,,,,,,,,,,,,,,,,,,,,,,,,,,,,,,,,,,,,,,
,EPS,-19.0,3.84,2.71,2.49,1.87,5.87,3.09,1.73,2.09,3.48,2.98,2.08,-17.5964594100648,2.0,1.44,1.36
,EPSDiluted,-19.0,3.77,2.65,2.42,1.82,5.7,2.99,1.67,2.0,3.41,2.92,2.06,-17.2549977726759,1.88,1.4,1.3
,weightedAverageShsOut,141414000.0,147194000.0,149961000.0,151619000.0,150367000.0,130159000.0,128912000.0,134912000.0,134203000.0,135888000.0,141232500.0,144107000.0,143083500.0,148320000.0,169023500.0,168409500.0
,weightedAverageShsOutDil,141414000.0,149884000.0,152889000.0,156385000.0,154517000.0,134018000.0,133168000.0,139593000.0,139929000.0,138702000.0,144014000.0,146070500.0,145915000.0,157116500.0,176090500.0,174765000.0
