Date,2018-12-31,2017-12-31,2016-12-31,2015-12-31,2014-12-31,2013-12-31,2012-12-31,2011-12-31,2010-12-31,2009-12-31
Revenue,26882000.0,17245000.0,16480000.0,863000.0,0.0,0.0,0.0,0.0,0.0,0.0
Revenue Growth,0.5588,0.0464,18.0962,0.0,0.0,0.0,0.0,0.0,0.0,
Cost of Revenue,6125000.0,3658000.0,790000.0,0.0,0.0,0.0,0.0,0.0,0.0,0.0
Gross Profit,20757000.0,13587000.0,15690000.0,863000.0,0.0,0.0,0.0,0.0,0.0,0.0
R&D Expenses,87383000.0,52486000.0,35134000.0,29810000.0,10239000.0,25682000.0,17468000.0,8583000.0,8341000.0,2270000.0
SG&A Expense,53371000.0,50897000.0,34511000.0,21584000.0,10413000.0,10098000.0,8665000.0,5755000.0,900000.0,343000.0
Operating Expenses,140754000.0,103383000.0,81399000.0,51394000.0,20652000.0,35780000.0,27176000.0,35044000.0,8508000.0,2613000.0
Operating Income,-119997000.0,-89796000.0,-65709000.0,-50531000.0,-20652000.0,-35780000.0,-27176000.0,-35044000.0,-8508000.0,-2613000.0
Interest Expense,10340000.0,7687000.0,3691000.0,1484000.0,1338000.0,1923000.0,670000.0,74000.0,1535000.0,1053000.0
Earnings before Tax,-84147000.0,-66876000.0,-55095000.0,-48428000.0,-20386000.0,-37158000.0,-27610000.0,-36360000.0,-9982000.0,-3666000.0
Income Tax Expense,0.0,0.0,0.0,0.0,0.0,0.0,0.0,0.0,0.0,0.0
Net Income - Non-Controlling int,-57789000.0,-32960000.0,-16195000.0,-5455000.0,0.0,0.0,0.0,0.0,0.0,0.0
Net Income - Discontinued ops,11136000.0,2323000.0,0.0,0.0,0.0,0.0,0.0,0.0,0.0,0.0
Net Income,-84147000.0,-66876000.0,-55095000.0,-48428000.0,-20386000.0,-37158000.0,-27610000.0,-36360000.0,-9982000.0,-3666000.0
Preferred Dividends,0.0,0.0,0.0,0.0,0.0,0.0,0.0,5861000.0,0.0,0.0
Net Income Com,-84147000.0,-66876000.0,-55095000.0,-48428000.0,-20386000.0,-37158000.0,-27610000.0,-42221000.0,-9982000.0,-3666000.0
EPS,-1.94,-1.61,-1.38,-1.24,-0.56,-1.22,-1.27,-5.51,-2.24,-1.01
EPS Diluted,-1.94,-1.61,-1.38,-1.24,-0.56,-1.22,-1.27,-5.51,-2.24,-1.01
Weighted Average Shs Out,56679505.0,50656503.0,48875087.0,47133715.0,44312193.0,35611883.0,24379110.0,7028060.0,,
Weighted Average Shs Out (Dil),43461978.0,41658733.0,39962657.0,39146589.0,36323596.0,30429743.0,21654984.0,7662984.0,4453786.0,3612769.0
Dividend per Share,0.0,0.0,0.0,0.0,0.0,0.0,0.0,0.0,0.0,0.0
Gross Margin,0.7722,0.7879,0.9521,1.0,0.0,0.0,0.0,0.0,0.0,0.0
EBITDA Margin,-2.694,-3.39,-3.062,-54.366,,,,,,
EBIT Margin,-2.7456,-3.4322,-3.1192,-54.3963,0.0,0.0,0.0,0.0,0.0,0.0
Profit Margin,-3.13,-3.878,-3.343,-56.116,,,,,,
Free Cash Flow margin,-3.9406,-4.7523,-3.1664,-23.9409,0.0,0.0,0.0,0.0,0.0,0.0
EBITDA,-72414000.0,-58463000.0,-50460000.0,-46918000.0,-19025000.0,-35218000.0,-26937000.0,-36264000.0,-8442000.0,-2608000.0
EBIT,-73807000.0,-59189000.0,-51404000.0,-46944000.0,-19048000.0,-35235000.0,-26940000.0,-36286000.0,-8447000.0,-2613000.0
Consolidated Income,-141936000.0,-99836000.0,-71290000.0,-53883000.0,-20386000.0,-37158000.0,-27610000.0,-36360000.0,-9982000.0,-3666000.0
Earnings Before Tax Margin,-3.1302,-3.878,-3.3431,-56.1159,0.0,0.0,0.0,0.0,0.0,0.0
Net Profit Margin,-3.1302,-3.878,-3.3431,-56.1159,0.0,0.0,0.0,0.0,0.0,0.0
