Date,2018-12-31,2017-12-31,2016-12-31,2015-12-31,2014-12-31,2013-12-31,2012-12-31,2011-12-31,2010-12-31,2009-12-31
Revenue,20267000.0,19139000.0,16036000.0,13398000.0,10776000.0,9738000.0,8904000.0,0.0,31650000.0,26259000.0
Revenue Growth,0.058937248550081,0.193502120229484,0.196895058964024,0.243318485523385,0.106592729513247,0.0936657681940701,0.0,-1,0.205301039643551,-0.0297
Cost of Revenue,0.0,0.0,0.0,0.0,0.0,0.0,0.0,0.0,0.0,0.0
Gross Profit,0.0,0.0,0.0,0.0,0.0,0.0,0.0,0.0,31650000.0,26259000.0
R&D Expenses,0.0,0.0,0.0,0.0,0.0,0.0,0.0,0.0,0.0,0.0
SG&A Expense,37439000.0,31663000.0,31545000.0,28543000.0,21477000.0,18278000.0,17018000.0,0.0,18655000.0,17856000.0
Operating Expenses,37439000.0,31663000.0,31545000.0,28543000.0,21477000.0,18278000.0,17018000.0,0.0,28360000.0,24501000.0
Operating Income,17654000.0,14231000.0,17065000.0,24891000.0,21222000.0,13746000.0,13676000.0,0.0,3290000.0,1758000.0
Interest Expense,23933000.0,15202000.0,14789000.0,13831000.0,11571000.0,11705000.0,16885000.0,0.0,0.0,0.0
Earnings before Tax,17654000.0,14231000.0,17065000.0,24891000.0,21222000.0,0.0,13676000.0,0.0,3290000.0,1758000.0
Income Tax Expense,1351000.0,2326000.0,2156000.0,8377000.0,7083000.0,7389000.0,4750000.0,0.0,2349000.0,717000.0
Net Income - Non-Controlling int,0.0,0.0,0.0,0.0,0.0,0.0,0.0,0.0,0.0,0.0
Net Income - Discontinued ops,0.0,0.0,0.0,0.0,0.0,0.0,0.0,0.0,0.0,0.0
Net Income,16303000.0,11905000.0,14909000.0,16514000.0,14139000.0,13746000.0,8926000.0,0.0,941000.0,1041000.0
Preferred Dividends,0.0,0.0,0.0,0.0,0.0,0.0,0.0,0.0,0.0,0.0
Net Income Com,16303000.0,11905000.0,14909000.0,16514000.0,14139000.0,13746000.0,8926000.0,0.0,941000.0,1041000.0
EPS,1.86,1.36,1.71,1.9,3.52,3.5,3.3,0.0,0.185,0.205
EPS Diluted,1.86,1.36,1.71,1.9,3.51,3.49,3.29,0.0,0.185,0.205
Weighted Average Shs Out,8640198.0,8612770.0,8573722.0,8549176.0,3929969.0,3832296.0,2608961.0,0.0,5070190.0,5078612.0
Weighted Average Shs Out (Dil),8640198.0,8612770.0,8573722.0,8550322.0,3948372.0,3847610.0,2610872.0,0.0,5070190.0,5078612.0
Dividend per Share,0.568968442621,0.526892045184,0.48706967639,0.446298981489,0.860101327838,0.643256463103,0.282664182695,0.0,0.14,0.14
Gross Margin,0.0,0.0,0.0,0.0,0.0,0.0,0.0,0.0,1.0,1.0
EBITDA Margin,0.943948290324,0.825173729035,1.15864305313,1.85109717868,2.14291017075,1.65003080715,1.87893081761,0.0,0.154,0.099
EBIT Margin,0.871071199487,0.743560269607,1.06416812173,1.85781459919,1.96937639198,1.41158348737,1.53593890386,0.0,0.1039,0.0669
Profit Margin,0.804411111659,0.622028319139,0.929720628586,1.23257202568,1.31208240535,1.41158348737,1.00247079964,0.0,0.03,0.04
Free Cash Flow margin,1.21996348744,1.10590939966,1.59503616862,1.67420510524,0.805864884929,1.57845553502,1.73371518419,0.0,0.3691,0.0297
EBITDA,19131000.0,15793000.0,18580000.0,24801000.0,23092000.0,16068000.0,16730000.0,0.0,4883000.0,2605000.0
EBIT,17654000.0,14231000.0,17065000.0,24891000.0,21222000.0,13746000.0,13676000.0,0.0,3290000.0,1758000.0
Consolidated Income,16303000.0,11905000.0,14909000.0,16514000.0,14139000.0,13746000.0,8926000.0,0.0,941000.0,1041000.0
Earnings Before Tax Margin,0.871071199487,0.743560269607,1.06416812173,1.85781459919,1.96937639198,0.0,1.53593890386,0.0,0.1039,0.0669
Net Profit Margin,0.804411111659,0.622028319139,0.929720628586,1.23257202568,1.31208240535,1.41158348737,1.00247079964,0.0,0.0297,0.0396
