Date,2018-12-31,2017-12-31,2016-12-31,2015-12-31,2014-12-31,2013-12-31,2012-12-31,2011-12-31,2010-12-31,2009-12-31
Revenue,103328000.0,73017000.0,50911000.0,44172871.0,39783183.0,34408089.0,27290049.0,22208518.0,19246820.0,17580699.0
Revenue Growth,0.4151,0.4342,0.1525,0.1103,0.1562,0.2608,0.2288,0.1539,0.0948,
Cost of Revenue,0.0,0.0,0.0,0.0,0.0,0.0,0.0,0.0,0.0,0.0
Gross Profit,103328000.0,73017000.0,50911000.0,44172871.0,39783183.0,34408089.0,27290049.0,22208518.0,19246820.0,17580699.0
R&D Expenses,0.0,0.0,0.0,0.0,0.0,0.0,0.0,0.0,0.0,0.0
SG&A Expense,60361000.0,45443000.0,29950000.0,25436531.0,25320343.0,22113350.0,16734599.0,14742806.0,12239443.0,12025345.0
Operating Expenses,76311000.0,55446000.0,36862000.0,32161122.0,30045531.0,28165001.0,22163903.0,18870180.0,15842878.0,15323191.0
Operating Income,27017000.0,17571000.0,14049000.0,12011749.0,9737652.0,6243088.0,5126146.0,3338338.0,3403942.0,2257508.0
Interest Expense,0.0,0.0,0.0,0.0,0.0,0.0,0.0,0.0,0.0,0.0
Earnings before Tax,27017000.0,17571000.0,14049000.0,12011749.0,9049575.0,6243088.0,5126146.0,3338338.0,3403942.0,2257508.0
Income Tax Expense,5792000.0,6955000.0,3930000.0,3213047.0,2435879.0,1603593.0,1077379.0,466900.0,855198.0,514111.0
Net Income - Non-Controlling int,0.0,0.0,0.0,0.0,0.0,0.0,0.0,0.0,0.0,0.0
Net Income - Discontinued ops,0.0,0.0,0.0,0.0,0.0,0.0,0.0,0.0,0.0,0.0
Net Income,21225000.0,10616000.0,10119000.0,8798702.0,6613696.0,4639495.0,4048767.0,2871438.0,2548744.0,1743397.0
Preferred Dividends,0.0,0.0,453000.0,342460.0,362953.0,424428.0,424428.0,342460.0,316190.0,282442.0
Net Income Com,21225000.0,10616000.0,9666000.0,8456242.0,6250743.0,4215067.0,3624339.0,2528978.0,2232554.0,1460955.0
EPS,1.63,1.12,1.86,1.64,1.27,1.07,1.31,0.94,0.84,0.58
EPS Diluted,1.62,1.11,1.64,1.62,1.25,1.06,1.29,0.93,0.84,0.58
Weighted Average Shs Out,13074516.0,11192401.0,5454511.0,5403159.0,5311876.0,5107131.0,3108867.0,3066072.0,3019869.0,
Weighted Average Shs Out (Dil),13074516.0,11192401.0,5454511.0,5403159.0,5311876.0,5107131.0,3108867.0,3066072.0,3019869.0,
Dividend per Share,0.2,0.15,0.15,0.15,0.15,0.15,0.15,0.15,0.15,0.0
Gross Margin,1.0,1.0,1.0,1.0,1.0,1.0,1.0,1.0,1.0,1.0
EBITDA Margin,0.303,0.28,0.321,0.324,0.282,0.237,0.251,0.203,0.222,0.184
EBIT Margin,0.2615,0.2406,0.276,0.2719,0.2275,0.1814,0.1878,0.1503,0.1769,0.1284
Profit Margin,0.205,0.145,0.19,0.191,0.157,0.123,0.133,0.114,0.116,0.083
Free Cash Flow margin,0.2656,0.2318,0.1043,0.1645,0.1545,0.5013,0.3582,0.2593,0.4509,0.3251
EBITDA,31317000.0,20473000.0,16351000.0,14308734.0,11232205.0,8158486.0,6850196.0,4498084.0,4273678.0,3227770.0
EBIT,27017000.0,17571000.0,14049000.0,12011749.0,9049575.0,6243088.0,5126146.0,3338338.0,3403942.0,2257508.0
Consolidated Income,21225000.0,10616000.0,10119000.0,8798702.0,6613696.0,4639495.0,4048767.0,2871438.0,2548744.0,1743397.0
Earnings Before Tax Margin,0.2615,0.2406,0.276,0.2719,0.2275,0.1814,0.1878,0.1503,0.1769,0.1284
Net Profit Margin,0.2054,0.1454,0.1988,0.1992,0.1662,0.1348,0.1484,0.1293,0.1324,0.0992
