Date,2018-12-31,2017-12-31,2016-12-31,2015-12-31,2014-12-31,2013-12-31,2012-12-31,2011-12-31,2010-12-31,2009-12-31
Revenue,29032000.0,26219000.0,25536000.0,18150000.0,25993000.0,24878000.0,21483000.0,26415000.0,24956000.0,24081949.0
Revenue Growth,0.1073,0.0267,0.4069,-0.3017,0.0448,0.158,-0.1867,0.0585,0.0363,0.1038
Cost of Revenue,0.0,0.0,0.0,0.0,0.0,0.0,0.0,0.0,0.0,0.0
Gross Profit,29032000.0,26219000.0,25536000.0,18150000.0,25993000.0,24878000.0,21483000.0,26415000.0,24956000.0,24081949.0
R&D Expenses,0.0,0.0,0.0,0.0,0.0,0.0,0.0,0.0,0.0,0.0
SG&A Expense,18368000.0,17345000.0,17319000.0,16632000.0,16496000.0,15635000.0,15399000.0,16477000.0,16351000.0,15461016.0
Operating Expenses,22151000.0,20844000.0,20925000.0,20186000.0,19807000.0,19106000.0,19070000.0,20863000.0,20196000.0,19508530.0
Operating Income,6881000.0,5375000.0,4611000.0,-2036000.0,6186000.0,5772000.0,2413000.0,5552000.0,4760000.0,4573419.0
Interest Expense,0.0,0.0,0.0,0.0,0.0,0.0,0.0,0.0,0.0,0.0
Earnings before Tax,6881000.0,5375000.0,4611000.0,-2036000.0,6186000.0,5772000.0,2413000.0,5552000.0,4760000.0,4573419.0
Income Tax Expense,746000.0,2879000.0,937000.0,-1424000.0,1380000.0,1441000.0,360000.0,1435000.0,1093000.0,1155941.0
Net Income - Non-Controlling int,0.0,0.0,0.0,0.0,0.0,0.0,0.0,0.0,0.0,0.0
Net Income - Discontinued ops,0.0,0.0,0.0,0.0,0.0,0.0,0.0,0.0,0.0,0.0
Net Income,6135000.0,2496000.0,3674000.0,-612000.0,4806000.0,4331000.0,2053000.0,4117000.0,3667000.0,3417478.0
Preferred Dividends,0.0,0.0,0.0,0.0,0.0,0.0,0.0,0.0,0.0,0.0
Net Income Com,6135000.0,2496000.0,3674000.0,-612000.0,4806000.0,4331000.0,2053000.0,4117000.0,3667000.0,3417478.0
EPS,1.63,0.66,0.98,-0.16,1.29,1.17,0.56,1.12,1.01,0.95
EPS Diluted,1.62,0.66,0.98,-0.16,1.28,1.16,0.55,1.12,1.01,0.95
Weighted Average Shs Out,3773836.0,3762677.0,3753486.0,3744562.0,3730877.0,3713342.0,3695160.0,3669758.0,3636758.0,3598537.0
Weighted Average Shs Out (Dil),3773836.0,3762677.0,3753486.0,3744562.0,3730877.0,3713342.0,3695160.0,3669758.0,3636758.0,3598537.0
Dividend per Share,0.48,0.48,0.48,0.48,0.53,0.48,0.48,0.48,0.72,0.8
Gross Margin,1.0,1.0,1.0,1.0,1.0,1.0,1.0,1.0,1.0,1.0
EBITDA Margin,0.28,0.256,0.237,-0.034,0.288,0.276,0.167,0.254,0.24,0.223
EBIT Margin,0.237,0.205,0.1806,-0.1122,0.238,0.232,0.1123,0.2102,0.1907,0.1899
Profit Margin,0.211,0.095,0.144,-0.034,0.185,0.174,0.096,0.156,0.147,0.142
Free Cash Flow margin,0.2236,0.1979,0.2461,0.3193,-0.0119,0.2782,0.2273,0.3347,0.226,-0.0908
EBITDA,8136000.0,6712000.0,6061000.0,-615000.0,7474000.0,6876000.0,3595000.0,6715000.0,5994000.0,5381731.0
EBIT,6881000.0,5375000.0,4611000.0,-2036000.0,6186000.0,5772000.0,2413000.0,5552000.0,4760000.0,4573419.0
Consolidated Income,6135000.0,2496000.0,3674000.0,-612000.0,4806000.0,4331000.0,2053000.0,4117000.0,3667000.0,3417478.0
Earnings Before Tax Margin,0.237,0.205,0.1806,-0.1122,0.238,0.232,0.1123,0.2102,0.1907,0.1899
Net Profit Margin,0.2113,0.0952,0.1439,-0.0337,0.1849,0.1741,0.0956,0.1559,0.1469,0.1419
