Date,2018-12-31,2017-12-31,2016-12-31,2015-12-31,2014-12-31,2013-12-31,2012-12-31,2011-12-31,2010-12-31,2009-12-31
Revenue,46046000.0,38503000.0,34625000.0,33081000.0,31063000.0,25712000.0,25033000.0,23182000.0,20103000.0,19806000.0
Revenue Growth,0.1959,0.112,0.0467,0.065,0.2081,0.0271,0.0798,0.1532,0.015,2.9731
Cost of Revenue,0.0,0.0,0.0,0.0,0.0,0.0,0.0,0.0,0.0,0.0
Gross Profit,46046000.0,38503000.0,34625000.0,33081000.0,31063000.0,25712000.0,25033000.0,23182000.0,20103000.0,19806000.0
R&D Expenses,0.0,0.0,0.0,0.0,0.0,0.0,0.0,0.0,0.0,0.0
SG&A Expense,24327000.0,21789000.0,20083000.0,19001000.0,17868000.0,15144000.0,14156000.0,12408000.0,11735000.0,11052000.0
Operating Expenses,32123000.0,29358000.0,25776000.0,24678000.0,23960000.0,20422000.0,19445000.0,18401000.0,17684000.0,44341000.0
Operating Income,13923000.0,9145000.0,8849000.0,8403000.0,7103000.0,5290000.0,5588000.0,4781000.0,2419000.0,-24535000.0
Interest Expense,0.0,0.0,0.0,0.0,0.0,0.0,0.0,0.0,0.0,0.0
Earnings before Tax,13923000.0,9145000.0,8849000.0,8403000.0,7103000.0,5290000.0,5588000.0,4781000.0,2419000.0,-24535000.0
Income Tax Expense,2694000.0,3330000.0,2167000.0,2276000.0,1982000.0,1153000.0,1620000.0,1457000.0,565000.0,696000.0
Net Income - Non-Controlling int,0.0,0.0,0.0,0.0,0.0,0.0,0.0,0.0,0.0,0.0
Net Income - Discontinued ops,0.0,0.0,0.0,0.0,0.0,0.0,0.0,0.0,0.0,0.0
Net Income,11229000.0,5815000.0,6682000.0,6127000.0,5121000.0,4137000.0,3968000.0,3324000.0,1854000.0,-25231000.0
Preferred Dividends,0.0,0.0,0.0,0.0,0.0,0.0,676000.0,670000.0,664000.0,656000.0
Net Income Com,11229000.0,5815000.0,6682000.0,6127000.0,5121000.0,4137000.0,3292000.0,2654000.0,1190000.0,-25887000.0
EPS,1.48,0.85,1.01,0.93,0.78,0.78,0.79,0.81,0.36,-7.95
EPS Diluted,1.45,0.83,0.98,0.91,0.78,0.78,0.79,0.81,0.36,-7.95
Weighted Average Shs Out,7629638.0,6706406.0,6703317.0,6684563.0,6660466.0,5296288.0,5224282.0,3303519.0,3265809.0,3248064.0
Weighted Average Shs Out (Dil),7629638.0,6706406.0,6703317.0,6684563.0,6660466.0,5296288.0,5224282.0,3303519.0,3265809.0,3248064.0
Dividend per Share,0.4,0.36,0.32,0.28,0.24,0.22,0.12,0.16,0.16,0.24
Gross Margin,1.0,1.0,1.0,1.0,1.0,1.0,1.0,1.0,1.0,1.0
EBITDA Margin,0.348,0.284,0.303,0.304,0.274,0.245,0.266,0.265,0.195,-1.158
EBIT Margin,0.3024,0.2375,0.2556,0.254,0.2287,0.2057,0.2232,0.2062,0.1203,-1.2388
Profit Margin,0.244,0.151,0.193,0.185,0.165,0.161,0.132,0.114,0.059,-1.307
Free Cash Flow margin,0.4308,0.3968,0.1126,0.3578,0.283,0.504,0.2088,0.2696,0.4684,0.234
EBITDA,16005000.0,10936000.0,10500000.0,10043000.0,8501000.0,6309000.0,6654000.0,6139000.0,3922000.0,-22929000.0
EBIT,13923000.0,9145000.0,8849000.0,8403000.0,7103000.0,5290000.0,5588000.0,4781000.0,2419000.0,-24535000.0
Consolidated Income,11229000.0,5815000.0,6682000.0,6127000.0,5121000.0,4137000.0,3968000.0,3324000.0,1854000.0,-25231000.0
Earnings Before Tax Margin,0.3024,0.2375,0.2556,0.254,0.2287,0.2057,0.2232,0.2062,0.1203,-1.2388
Net Profit Margin,0.2439,0.151,0.193,0.1852,0.1649,0.1609,0.1585,0.1434,0.0922,-1.2739
