Date,2018-12-31,2017-12-31,2016-12-31,2015-12-31,2014-12-31,2013-12-31,2012-12-31,2011-12-31,2010-12-31,2009-12-31
Revenue,76425000.0,68615000.0,60229000.0,54269000.0,46116000.0,41792000.0,33849000.0,23387000.0,17985000.0,14183741.0
Revenue Growth,0.1138,0.1392,0.1098,0.1768,0.1035,0.2347,0.4473,0.3004,0.268,
Cost of Revenue,23716000.0,20756000.0,18623000.0,14026000.0,10756000.0,12053000.0,9076000.0,5221000.0,4145000.0,4084496.0
Gross Profit,52709000.0,47859000.0,41606000.0,40243000.0,35360000.0,29739000.0,24773000.0,18166000.0,13840000.0,10099245.0
R&D Expenses,0.0,0.0,0.0,0.0,0.0,0.0,0.0,0.0,0.0,0.0
SG&A Expense,4272000.0,4069000.0,3986000.0,3932000.0,4189000.0,3121000.0,2660000.0,1551000.0,627000.0,430608.0
Operating Expenses,4272000.0,4069000.0,3986000.0,3932000.0,4189000.0,3121000.0,2660000.0,1121000.0,-82000.0,-684458.0
Operating Income,48437000.0,43790000.0,37620000.0,36311000.0,31171000.0,26618000.0,22113000.0,17045000.0,13922000.0,10783703.0
Interest Expense,12956000.0,9893000.0,10594000.0,9428000.0,7507000.0,7076000.0,6422000.0,5488000.0,4962000.0,3688066.0
Earnings before Tax,50172000.0,44171000.0,41995000.0,26367000.0,19868000.0,27449000.0,19415000.0,15410000.0,5024000.0,-1592130.0
Income Tax Expense,720000.0,220000.0,425000.0,390000.0,383000.0,246000.0,4000.0,24000.0,0.0,0.0
Net Income - Non-Controlling int,0.0,0.0,0.0,0.0,0.0,0.0,0.0,0.0,0.0,0.0
Net Income - Discontinued ops,0.0,0.0,0.0,0.0,0.0,0.0,0.0,0.0,0.0,0.0
Net Income,49452000.0,43951000.0,41570000.0,25977000.0,19485000.0,27203000.0,19411000.0,15386000.0,5024000.0,-1592130.0
Preferred Dividends,0.0,0.0,0.0,0.0,0.0,0.0,0.0,0.0,0.0,0.0
Net Income Com,49452000.0,43951000.0,41570000.0,25977000.0,19485000.0,27203000.0,19411000.0,15386000.0,5024000.0,-1592130.0
EPS,2.02,1.87,2.27,1.6,1.36,2.01,1.91,1.63,,
EPS Diluted,2.02,1.87,2.27,1.6,1.36,2.01,1.91,1.63,,
Weighted Average Shs Out,24463119.0,24492880.0,19212425.0,16285128.0,16026553.0,13734336.0,11930084.0,9427021.0,,
Weighted Average Shs Out (Dil),24471730.0,23527188.0,18283715.0,16201449.0,14346438.0,13524368.0,10185627.0,9427021.0,,
Dividend per Share,1.6,1.6,1.6,1.6,1.62,1.94,1.46,0.64,0.0,0.0
Gross Margin,0.6897,0.6975,0.6908,0.7415,0.7668,0.7116,0.7319,0.7768,0.7695,0.712
EBITDA Margin,0.826,0.788,0.873,0.66,0.594,0.826,0.763,0.894,0.555,0.148
EBIT Margin,0.826,0.7879,0.8732,0.6596,0.5936,0.8261,0.7633,0.8936,0.5552,0.1478
Profit Margin,0.647,0.641,0.69,0.479,0.423,0.651,0.573,0.658,0.279,-0.112
Free Cash Flow margin,0.1066,-0.411,-0.5583,-0.3587,-1.5455,-0.0501,-1.4634,-1.9684,-0.713,-3.4121
EBITDA,63128000.0,54064000.0,52589000.0,35795000.0,27375000.0,34525000.0,25837000.0,20898000.0,9986000.0,2095936.0
EBIT,63128000.0,54064000.0,52589000.0,35795000.0,27375000.0,34525000.0,25837000.0,20898000.0,9986000.0,2095936.0
Consolidated Income,49452000.0,43951000.0,41570000.0,25977000.0,19485000.0,27203000.0,19411000.0,15386000.0,5024000.0,-1592130.0
Earnings Before Tax Margin,0.6565,0.6438,0.6973,0.4859,0.4308,0.6568,0.5736,0.6589,0.2793,-0.1123
Net Profit Margin,0.6471,0.6405,0.6902,0.4787,0.4225,0.6509,0.5735,0.6579,0.2793,-0.1123
