Date,2018-12-31,2017-12-31,2016-12-31,2015-12-31,2014-12-31,2013-12-31,2012-12-31,2011-12-31,2010-12-31,2009-12-31
Revenue,291018000.0,275026000.0,253193000.0,299611000.0,341838000.0,444919000.0,351829000.0,309885000.0,219183000.0,196711000.0
Revenue Growth,0.0581,0.0862,-0.1549,-0.1235,-0.2317,0.2646,0.1354,0.4138,0.1142,-0.0082
Cost of Revenue,217620000.0,254765000.0,206335000.0,242565000.0,275865000.0,344754000.0,294576000.0,248130000.0,177899000.0,162274000.0
Gross Profit,73398000.0,20261000.0,46858000.0,57046000.0,65973000.0,100165000.0,57253000.0,61755000.0,41284000.0,34437000.0
R&D Expenses,3524000.0,3659000.0,2715000.0,2741000.0,3168000.0,3444000.0,3444000.0,3512000.0,3494000.0,4165000.0
SG&A Expense,4398000.0,4649000.0,5444000.0,5170000.0,4482000.0,4046000.0,4594000.0,4584000.0,3841000.0,3903000.0
Operating Expenses,10220000.0,10562000.0,10691000.0,10256000.0,9845000.0,9911000.0,11161000.0,10140000.0,9129000.0,9598000.0
Operating Income,63178000.0,9699000.0,36167000.0,46790000.0,56128000.0,90254000.0,46092000.0,51615000.0,32155000.0,24839000.0
Interest Expense,173000.0,172000.0,173000.0,134000.0,25000.0,24000.0,27000.0,184000.0,74000.0,27000.0
Earnings before Tax,60177000.0,16649000.0,40806000.0,51869000.0,67345000.0,97351000.0,54880000.0,52775000.0,34178000.0,25446000.0
Income Tax Expense,7019000.0,-6862000.0,-15535000.0,5448000.0,14145000.0,23317000.0,20576000.0,18266000.0,11084000.0,8454000.0
Net Income - Non-Controlling int,0.0,0.0,0.0,0.0,0.0,0.0,0.0,0.0,0.0,0.0
Net Income - Discontinued ops,0.0,0.0,0.0,0.0,0.0,0.0,0.0,0.0,0.0,0.0
Net Income,53158000.0,23511000.0,56341000.0,46421000.0,53200000.0,74034000.0,34304000.0,34509000.0,23094000.0,16992000.0
Preferred Dividends,0.0,0.0,0.0,0.0,0.0,0.0,0.0,0.0,0.0,0.0
Net Income Com,53158000.0,23511000.0,56341000.0,46421000.0,53200000.0,74034000.0,34304000.0,34509000.0,23094000.0,16992000.0
EPS,1.22,0.54,1.29,1.06,1.22,1.71,0.83,0.85,0.63,0.6
EPS Diluted,1.22,0.54,1.29,1.06,1.22,1.71,0.83,0.84,0.62,0.58
Weighted Average Shs Out,43743243.0,43741670.0,43721376.0,43712388.0,43722388.0,43342830.0,41326057.0,41297834.0,39973849.0,28190300.0
Weighted Average Shs Out (Dil),43725333.0,43676171.0,43542785.0,43432149.0,43357602.0,43237513.0,41366860.0,40708552.0,36526105.0,28190300.0
Dividend per Share,0.24,0.24,2.53,0.24,0.48,0.69,1.6,0.3,0.0,0.0
Gross Margin,0.2522,0.0737,0.1851,0.1904,0.193,0.2251,0.1627,0.1993,0.1884,0.1751
EBITDA Margin,0.245,0.103,0.205,0.208,0.223,0.242,0.186,0.2,0.191,0.168
EBIT Margin,0.2074,0.0612,0.1618,0.1736,0.1971,0.2189,0.1561,0.1709,0.1563,0.1295
Profit Margin,0.183,0.085,0.223,0.155,0.156,0.166,0.098,0.111,0.105,0.086
Free Cash Flow margin,0.2775,0.1301,0.3416,0.1035,0.1285,0.0988,0.1592,0.0879,0.0373,0.0139
EBITDA,71319000.0,28438000.0,51798000.0,62190000.0,76351000.0,107691000.0,65361000.0,62057000.0,41816000.0,32990000.0
EBIT,60350000.0,16821000.0,40979000.0,52003000.0,67370000.0,97375000.0,54907000.0,52959000.0,34252000.0,25473000.0
Consolidated Income,53158000.0,23511000.0,56341000.0,46421000.0,53200000.0,74034000.0,34304000.0,34509000.0,23094000.0,16992000.0
Earnings Before Tax Margin,0.2068,0.0605,0.1612,0.1731,0.197,0.2188,0.156,0.1703,0.1559,0.1294
Net Profit Margin,0.1827,0.0855,0.2225,0.1549,0.1556,0.1664,0.0975,0.1114,0.1054,0.0864
