Date,2018-12-31,2017-12-31,2016-12-31,2015-12-31,2014-12-31,2013-12-31,2012-12-31,2011-12-31,2010-12-31,2009-12-31
Revenue,177168000.0,173608000.0,224622000.0,171095000.0,163838000.0,141284000.0,138504000.0,136556000.0,125161000.0,106241000.0
Revenue Growth,0.0205,-0.2271,0.3128,0.0443,0.1596,0.0201,0.0143,0.091,0.1781,0.1924
Cost of Revenue,0.0,0.0,0.0,0.0,0.0,0.0,0.0,0.0,0.0,0.0
Gross Profit,177168000.0,173608000.0,224622000.0,171095000.0,163838000.0,141284000.0,138504000.0,136556000.0,125161000.0,106241000.0
R&D Expenses,0.0,0.0,0.0,0.0,0.0,0.0,0.0,0.0,0.0,0.0
SG&A Expense,88662000.0,85234000.0,82757000.0,74844000.0,67172000.0,61491000.0,60519000.0,57220000.0,52371000.0,46645000.0
Operating Expenses,111683000.0,107474000.0,108247000.0,97719000.0,85839000.0,80576000.0,82326000.0,77739000.0,70385000.0,64909000.0
Operating Income,65485000.0,66134000.0,116375000.0,73376000.0,77999000.0,60708000.0,56178000.0,58817000.0,54776000.0,41332000.0
Interest Expense,0.0,0.0,0.0,0.0,0.0,0.0,0.0,0.0,0.0,0.0
Earnings before Tax,65485000.0,66134000.0,106019000.0,73376000.0,72812000.0,60708000.0,56178000.0,58817000.0,54776000.0,41332000.0
Income Tax Expense,10395000.0,25013000.0,41103000.0,27167000.0,28573000.0,22956000.0,21847000.0,23469000.0,15941000.0,15771000.0
Net Income - Non-Controlling int,0.0,0.0,0.0,0.0,0.0,0.0,0.0,0.0,0.0,0.0
Net Income - Discontinued ops,0.0,0.0,0.0,0.0,0.0,0.0,0.0,0.0,0.0,0.0
Net Income,55090000.0,41121000.0,64916000.0,46209000.0,44239000.0,37752000.0,34331000.0,35348000.0,38835000.0,25561000.0
Preferred Dividends,0.0,0.0,0.0,0.0,0.0,0.0,0.0,0.0,0.0,4443000.0
Net Income Com,55090000.0,41121000.0,64916000.0,46209000.0,44239000.0,37752000.0,34331000.0,35348000.0,38835000.0,21118000.0
EPS,1.92,1.41,2.24,1.59,1.49,1.26,1.13,1.15,1.28,0.91
EPS Diluted,1.92,1.41,2.24,1.59,1.48,1.26,1.13,1.15,1.28,0.91
Weighted Average Shs Out,28001422.0,28819891.0,28618493.0,28830210.0,29650496.0,30097929.0,30896467.0,31160639.0,31237874.0,31126764.0
Weighted Average Shs Out (Dil),28001422.0,28819891.0,28618493.0,28830210.0,29650496.0,30097929.0,30896467.0,31160639.0,31237874.0,31126764.0
Dividend per Share,0.8,0.72,0.68,0.64,0.6,0.52,0.52,0.52,0.52,0.52
Gross Margin,1.0,1.0,1.0,1.0,1.0,1.0,1.0,1.0,1.0,1.0
EBITDA Margin,0.402,0.409,0.492,0.45,0.462,0.454,0.432,0.457,0.464,0.419
EBIT Margin,0.3696,0.3809,0.472,0.4289,0.4444,0.4297,0.4056,0.4307,0.4376,0.389
Profit Margin,0.311,0.237,0.289,0.27,0.27,0.267,0.248,0.259,0.31,0.199
Free Cash Flow margin,0.4058,0.4268,0.3785,0.3147,0.3238,0.5211,0.504,0.4405,0.5128,0.2385
EBITDA,71277000.0,70966000.0,110469000.0,76955000.0,75625000.0,64129000.0,59854000.0,62470000.0,58040000.0,44463000.0
EBIT,65485000.0,66134000.0,106019000.0,73376000.0,72812000.0,60708000.0,56178000.0,58817000.0,54776000.0,41332000.0
Consolidated Income,55090000.0,41121000.0,64916000.0,46209000.0,44239000.0,37752000.0,34331000.0,35348000.0,38835000.0,25561000.0
Earnings Before Tax Margin,0.3696,0.3809,0.472,0.4289,0.4444,0.4297,0.4056,0.4307,0.4376,0.389
Net Profit Margin,0.3109,0.2369,0.289,0.2701,0.27,0.2672,0.2479,0.2589,0.3103,0.2406
