date,,2020-12-31_FY,2019-12-31_FY,2018-12-31_FY,2017-12-31_FY,2016-12-31_FY,2015-12-31_FY,2014-12-31_FY,2013-12-31_FY,2012-12-31_FY,2011-12-31_FY,2005-12-31_FY,2004-12-31_FY,2003-12-31_FY,2002-12-31_FY,2001-12-31_FY,2000-12-31_FY
,revenue,650454000.0,679653000.0,670676000.0,666035000.0,648415000.0,612378000.0,596815000.0,647400000.0,660300000.0,664600000.0,2505175000.0,1783800000.0,1685800000.0,1526800000.0,32700000.0,963000000.0
,costOfRevenue,0.0,0.0,0.0,0.0,0.0,0.0,0.0,28400000.0,32800000.0,40700000.0,0.0,442800000.0,385200000.0,465300000.0,15000000.0,562900000.0
,grossProfit,582759000.0,0.0,0.0,0.0,0.0,0.0,0.0,647400000.0,660300000.0,664600000.0,2505175000.0,1783800000.0,1685800000.0,1526800000.0,32700000.0,963000000.0
,grossProfitRatio,1.0,0.0,0.0,0.0,0.0,0.0,0.0,1.0,1.0,1.0,1.0,1.0,1.0,1.0,1.0,1.0
,,,,,,,,,,,,,,,,,,,,,,,,,,,,,,,,,,,,,,,,,,,,,,,,,,,,,,,,,,,,,,,,,,,,,,,,,,,,,,,,,,,,,,,,,,,,,,,,,,,,,
COST And EXPENSES,,,,,,,,,,,,,,,,,,,,,,,,,,,,,,,,,,,,,,,,,,,,,,,,,,,,,,,,,,,,,,,,,,,,,,,,,,,,,,,,,,,,,,,,,,,,,,,,,,,,,
,ResearchAndDevelopmentExpenses,0.0,0.0,0.0,0.0,0.0,0.0,0.0,0.0,0.0,0.0,0.0,0.0,0.0,0.0,0.0,0.0
,GeneralAndAdministrativeExpenses,182880000.0,180488000.0,181379000.0,190258000.0,182205000.0,179723000.0,165416000.0,302900000.0,330500000.0,348200000.0,0.0,1011700000.0,974100000.0,931500000.0,19700000.0,594400000.0
,SellingAndMarketingExpenses,5695000.0,6910000.0,4813000.0,6191000.0,6127000.0,6446000.0,5509000.0,0.0,0.0,0.0,0.0,0.0,0.0,0.0,0.0,0.0
,otherExpenses,0.0,0.0,0.0,0.0,0.0,0.0,0.0,0.0,0.0,0.0,0.0,0.0,0.0,0.0,0.0,0.0
,operatingExpenses,536000000.0,490000000.0,467000000.0,408000000.0,373000000.0,360000000.0,332000000.0,331300000.0,363300000.0,388900000.0,0.0,1454500000.0,1359300000.0,1396800000.0,34700000.0,1157300000.0
,costAndExpenses,5695000.0,0.0,0.0,0.0,0.0,0.0,0.0,0.0,0.0,0.0,0.0,0.0,0.0,0.0,0.0,0.0
,interestExpense,47025000.0,105290000.0,79733000.0,41964000.0,26848000.0,22521000.0,23485000.0,28400000.0,32800000.0,40700000.0,-880120000.0,442800000.0,385200000.0,465300000.0,15000000.0,562900000.0
,,,,,,,,,,,,,,,,,,,,,,,,,,,,,,,,,,,,,,,,,,,,,,,,,,,,,,,,,,,,,,,,,,,,,,,,,,,,,,,,,,,,,,,,,,,,,,,,,,,,,
EBITDA,,,,,,,,,,,,,,,,,,,,,,,,,,,,,,,,,,,,,,,,,,,,,,,,,,,,,,,,,,,,,,,,,,,,,,,,,,,,,,,,,,,,,,,,,,,,,,,,,,,,,
,depreciationAndAmortization,63071000.0,67824000.0,54903000.0,62019000.0,52176000.0,25675000.0,25917000.0,0.0,0.0,0.0,128143000.0,94800000.0,64400000.0,68000000.0,1000000.0,70100000.0
,EBITDA,640135000.0,0.0,0.0,0.0,0.0,0.0,0.0,372900000.0,362600000.0,357100000.0,150434000.0,866900000.0,776000000.0,663300000.0,14000000.0,438700000.0
,EBITDARatio,1.09845579390451,0.0,0.0,0.0,0.0,0.0,0.0,0.0,0.0,0.0,0.0600492979532368,0.485984975894159,0.460315577174042,0.434438040345821,0.428134556574924,0.455555555555556
,,,,,,,,,,,,,,,,,,,,,,,,,,,,,,,,,,,,,,,,,,,,,,,,,,,,,,,,,,,,,,,,,,,,,,,,,,,,,,,,,,,,,,,,,,,,,,,,,,,,,
INCOME,,,,,,,,,,,,,,,,,,,,,,,,,,,,,,,,,,,,,,,,,,,,,,,,,,,,,,,,,,,,,,,,,,,,,,,,,,,,,,,,,,,,,,,,,,,,,,,,,,,,,
,operatingIncome,577064000.0,0.0,0.0,0.0,0.0,0.0,0.0,344500000.0,329800000.0,316400000.0,22291000.0,772100000.0,711600000.0,595300000.0,13000000.0,368600000.0
,operatingIncomeRatio,0.374698287657544,0.561607173072141,0.534055192074862,0.553056521053698,0.57344293392349,0.560482251158598,0.576801856521703,0.532128514056225,0.499469937907012,0.476075835088775,0.00889798117895955,0.432840004484808,0.422114129790011,0.38990044537595,0.397553516819572,0.38276220145379
,totalOtherIncomeExpensesNet,0.0,0.0,0.0,0.0,0.0,0.0,0.0,0.0,0.0,0.0,0.0,0.0,0.0,0.0,0.0,0.0
,incomeBeforeTax,243724000.0,381698000.0,358178000.0,368355000.0,371829000.0,343227000.0,344244000.0,344500000.0,329800000.0,316400000.0,937493000.0,772100000.0,711600000.0,595300000.0,13000000.0,368600000.0
,incomeBeforeTaxRatio,0.374698287657544,0.561607173072141,0.534055192074862,0.553056521053698,0.57344293392349,0.560482251158598,0.576801856521703,0.532128514056225,0.499469937907012,0.476075835088775,0.374222559302244,0.432840004484808,0.422114129790011,0.38990044537595,0.397553516819572,0.38276220145379
,incomeTaxExpense,57970000.0,97306000.0,93784000.0,184673000.0,141651000.0,129447000.0,127572000.0,130000000.0,118700000.0,116700000.0,347080000.0,298700000.0,272700000.0,234000000.0,4700000.0,152200000.0
,netIncome,185754000.0,284392000.0,264394000.0,183682000.0,230178000.0,213780000.0,216672000.0,214500000.0,211100000.0,199700000.0,590413000.0,473400000.0,436600000.0,361300000.0,8300000.0,216400000.0
,netIncomeRatio,0.285575920818382,0.418437055379731,0.394220159958013,0.275784305629584,0.354985618778097,0.34909810607174,0.36304717542287,0.331325301204819,0.319703165227927,0.300481492627144,0.235677347889868,0.265388496468214,0.258986831178076,0.236638721509039,0.253822629969419,0.224714434060228
,,,,,,,,,,,,,,,,,,,,,,,,,,,,,,,,,,,,,,,,,,,,,,,,,,,,,,,,,,,,,,,,,,,,,,,,,,,,,,,,,,,,,,,,,,,,,,,,,,,,,
EPS,,,,,,,,,,,,,,,,,,,,,,,,,,,,,,,,,,,,,,,,,,,,,,,,,,,,,,,,,,,,,,,,,,,,,,,,,,,,,,,,,,,,,,,,,,,,,,,,,,,,,
,EPS,1.39584385939127,2.14,1.93065640433781,1.31614788316778,1.65016627050049,1.532917,1.55,1.53763,1.68476,1.80072,0.0,0.0,0.0,0.0,0.0,0.0
,EPSDiluted,1.39584385939127,2.13,1.92831494269405,1.31523668134542,1.65010894340724,1.532917,1.55,1.53763,1.68476,1.80072,0.0,0.0,0.0,0.0,0.0,0.0
,weightedAverageShsOut,129912104.0,133076489.0,136945134.0,139560305.0,139487762.0,139459620.0,139459620.0,139500000.0,125300000.0,110900000.0,0.0,0.0,0.0,0.0,0.0,0.0
,weightedAverageShsOutDil,130314381.0,133387157.0,137111420.0,139656993.0,139492608.0,139459620.0,139459620.0,139500000.0,125300000.0,110900000.0,0.0,0.0,0.0,0.0,0.0,0.0
