Date,2018-12-31,2017-12-31,2016-12-31,2015-12-31,2014-12-31,2013-12-31,2012-12-31,2011-12-31,2010-12-31,2009-12-31
Revenue,150408000.0,133984000.0,128812000.0,118269000.0,111335000.0,107348000.0,106165000.0,98008000.0,91556000.0,83358000.0
Revenue Growth,0.1226,0.0402,0.0891,0.0623,0.0371,0.0111,0.0832,0.0705,0.0983,7.3341
Cost of Revenue,0.0,0.0,0.0,0.0,0.0,0.0,0.0,0.0,0.0,0.0
Gross Profit,150408000.0,133984000.0,128812000.0,118269000.0,111335000.0,107348000.0,106165000.0,98008000.0,91556000.0,83358000.0
R&D Expenses,0.0,0.0,0.0,0.0,0.0,0.0,0.0,0.0,0.0,0.0
SG&A Expense,86629000.0,78160000.0,74121000.0,68384000.0,62225000.0,60116000.0,62376000.0,54702000.0,51239000.0,52355000.0
Operating Expenses,100876000.0,90513000.0,84671000.0,79393000.0,72355000.0,69441000.0,71397000.0,62711000.0,60917000.0,62777000.0
Operating Income,49532000.0,43471000.0,44141000.0,38876000.0,38980000.0,37907000.0,34768000.0,35297000.0,30639000.0,20581000.0
Interest Expense,0.0,0.0,0.0,0.0,0.0,0.0,0.0,0.0,0.0,0.0
Earnings before Tax,49532000.0,43471000.0,44141000.0,38876000.0,38980000.0,37907000.0,34768000.0,34214000.0,30639000.0,20581000.0
Income Tax Expense,10006000.0,9945000.0,12210000.0,10539000.0,9625000.0,12377000.0,11319000.0,11415000.0,9352000.0,6140000.0
Net Income - Non-Controlling int,0.0,0.0,0.0,0.0,0.0,0.0,0.0,0.0,0.0,0.0
Net Income - Discontinued ops,0.0,0.0,0.0,0.0,0.0,0.0,0.0,0.0,0.0,0.0
Net Income,39526000.0,33526000.0,31931000.0,28337000.0,29355000.0,25530000.0,23449000.0,22799000.0,21287000.0,14441000.0
Preferred Dividends,1461000.0,1462000.0,1462000.0,1462000.0,1462000.0,1466000.0,1474000.0,3182000.0,3725000.0,3697000.0
Net Income Com,38065000.0,32064000.0,30469000.0,26875000.0,27893000.0,24064000.0,21975000.0,19617000.0,17562000.0,10744000.0
EPS,2.39,2.13,2.11,1.91,2.01,1.75,1.6,1.5,1.62,0.99
EPS Diluted,2.39,2.13,2.1,1.9,2.0,1.75,1.6,1.49,1.61,0.99
Weighted Average Shs Out,15924959.0,15626294.0,14527719.0,14189535.0,14098212.0,13809890.0,13787889.0,13805116.0,10931456.0,10820268.0
Weighted Average Shs Out (Dil),15910000.0,15044000.0,14436000.0,14081000.0,13893000.0,13739000.0,13696000.0,13067000.0,10767000.0,10730000.0
Dividend per Share,1.2,0.85,0.81,0.8,0.77,0.74,0.57,0.47,0.4,0.4
Gross Margin,1.0,1.0,1.0,1.0,1.0,1.0,1.0,1.0,1.0,1.0
EBITDA Margin,0.389,0.395,0.414,0.401,0.42,0.434,0.413,0.443,0.406,0.327
EBIT Margin,0.3293,0.3244,0.3427,0.3287,0.3501,0.3531,0.3275,0.3491,0.3346,0.2469
Profit Margin,0.253,0.239,0.237,0.227,0.251,0.224,0.207,0.2,0.192,0.129
Free Cash Flow margin,0.4142,0.2876,0.3033,0.301,0.2685,0.3147,0.3095,0.2892,0.3603,0.2436
EBITDA,58465000.0,52946000.0,53291000.0,47455000.0,46804000.0,46620000.0,43880000.0,43402000.0,37181000.0,27235000.0
EBIT,49532000.0,43471000.0,44141000.0,38876000.0,38980000.0,37907000.0,34768000.0,34214000.0,30639000.0,20581000.0
Consolidated Income,39526000.0,33526000.0,31931000.0,28337000.0,29355000.0,25530000.0,23449000.0,22799000.0,21287000.0,14441000.0
Earnings Before Tax Margin,0.3293,0.3244,0.3427,0.3287,0.3501,0.3531,0.3275,0.3491,0.3346,0.2469
Net Profit Margin,0.2628,0.2502,0.2479,0.2396,0.2637,0.2378,0.2209,0.2326,0.2325,0.1732
