date,,2020-12-31_FY,2019-12-31_FY,2018-12-31_FY,2017-12-31_FY,2016-12-31_FY,2015-12-31_FY,2014-12-31_FY,2013-12-31_FY,2012-12-31_FY,2011-12-31_FY
,revenue,2388855000.0,2648848000.0,2433492000.0,2249538000.0,1831546000.0,1702865000.0,1199390000.0,895171000.0,707534000.0,519591000.0
,costOfRevenue,596363000.0,530669000.0,487695000.0,429613000.0,355414000.0,331073000.0,173337000.0,134030000.0,115446000.0,135715000.0
,grossProfit,1792492000.0,2118179000.0,1945797000.0,1819925000.0,1476132000.0,1371792000.0,1026053000.0,761141000.0,592088000.0,383876000.0
,grossProfitRatio,0.750356132959095,0.799660456168115,0.799590465060086,0.809021674672755,0.8059486357427,0.805578833319142,0.855479035176215,0.850274416843262,0.836833282923506,0.73880417482212
,,,,,,,,,,,,,,,,,,,,,,,,,,,,,,,,,,,,,,,,,,,,,,,,,,,,,,,,,,,,,,,,,,,,,,,,,,,,,,,,,,,,,,,,,,,,,,,,,,,,,
COST And EXPENSES,,,,,,,,,,,,,,,,,,,,,,,,,,,,,,,,,,,,,,,,,,,,,,,,,,,,,,,,,,,,,,,,,,,,,,,,,,,,,,,,,,,,,,,,,,,,,,,,,,,,,
,ResearchAndDevelopmentExpenses,0.0,0.0,0.0,0.0,0.0,0.0,0.0,0.0,0.0,0.0
,GeneralAndAdministrativeExpenses,374678000.0,407210000.0,389172000.0,387694000.0,283625000.0,297715000.0,205963000.0,142283000.0,110122000.0,84765000.0
,SellingAndMarketingExpenses,192732000.0,204806000.0,182593000.0,283850000.0,235788000.0,217332000.0,171781000.0,125489000.0,105002000.0,36606000.0
,otherExpenses,10055000.0,-93000.0,152166000.0,173436000.0,-2982000.0,-2523000.0,700000.0,-602000.0,-1121000.0,0.0
,operatingExpenses,820227000.0,886749000.0,855099000.0,936165000.0,721979000.0,704258000.0,460604000.0,340509000.0,267160000.0,157542000.0
,costAndExpenses,1416590000.0,1417418000.0,1342794000.0,1365778000.0,1077393000.0,1035331000.0,633941000.0,474539000.0,382606000.0,293257000.0
,interestExpense,129803000.0,150048000.0,138494000.0,107146000.0,71896000.0,71339000.0,28856000.0,16461000.0,13017000.0,13377000.0
,,,,,,,,,,,,,,,,,,,,,,,,,,,,,,,,,,,,,,,,,,,,,,,,,,,,,,,,,,,,,,,,,,,,,,,,,,,,,,,,,,,,,,,,,,,,,,,,,,,,,
EBITDA,,,,,,,,,,,,,,,,,,,,,,,,,,,,,,,,,,,,,,,,,,,,,,,,,,,,,,,,,,,,,,,,,,,,,,,,,,,,,,,,,,,,,,,,,,,,,,,,,,,,,
,depreciationAndAmortization,254802000.0,274210000.0,274609000.0,264560000.0,203256000.0,193453000.0,112361000.0,72737000.0,52036000.0,36171000.0
,EBITDA,1227067000.0,1505640000.0,1365307000.0,1148320000.0,957409000.0,860987000.0,677810000.0,493369000.0,376964000.0,262505000.0
,EBITDARatio,0.513663240338991,0.568413136578618,0.561048485057687,0.510469260799329,0.522732707778019,0.505610838205025,0.565128940544777,0.551144976769802,0.532785703584563,0.505214678468257
,,,,,,,,,,,,,,,,,,,,,,,,,,,,,,,,,,,,,,,,,,,,,,,,,,,,,,,,,,,,,,,,,,,,,,,,,,,,,,,,,,,,,,,,,,,,,,,,,,,,,
INCOME,,,,,,,,,,,,,,,,,,,,,,,,,,,,,,,,,,,,,,,,,,,,,,,,,,,,,,,,,,,,,,,,,,,,,,,,,,,,,,,,,,,,,,,,,,,,,,,,,,,,,
,operatingIncome,972265000.0,1231430000.0,1090698000.0,883760000.0,754153000.0,667534000.0,565449000.0,420632000.0,324928000.0,226334000.0
,operatingIncomeRatio,0.407000424889748,0.464892662772647,0.44820282951413,0.392862890068983,0.411757608053524,0.392006412722089,0.47144715230242,0.469890110381145,0.459240121322792,0.435600308704346
,totalOtherIncomeExpensesNet,40063000.0,-3563000.0,142921000.0,116976000.0,-39338000.0,-60191000.0,-23650000.0,-602000.0,-1121000.0,-2080000.0
,incomeBeforeTax,882525000.0,1077819000.0,1095125000.0,893590000.0,642919000.0,536004000.0,512943000.0,403569000.0,310790000.0,210877000.0
,incomeBeforeTaxRatio,0.369434310579755,0.40690103773414,0.450022025961047,0.397232676220628,0.351025308673656,0.314765997304543,0.427669898865257,0.450828947765287,0.439258042723035,0.405851910444946
,incomeTaxExpense,178309000.0,182746000.0,283642000.0,153390000.0,190534000.0,173573000.0,144236000.0,119068000.0,94591000.0,63542000.0
,netIncome,704216000.0,895073000.0,811483000.0,740200000.0,452385000.0,362431000.0,368707000.0,284501000.0,216199000.0,147335000.0
,netIncomeRatio,0.29479227496018,0.337910291568259,0.333464420676131,0.329045341754618,0.246996253438352,0.212836014598926,0.307412101151419,0.317817489619302,0.305566940952661,0.28355956896867
,,,,,,,,,,,,,,,,,,,,,,,,,,,,,,,,,,,,,,,,,,,,,,,,,,,,,,,,,,,,,,,,,,,,,,,,,,,,,,,,,,,,,,,,,,,,,,,,,,,,,
EPS,,,,,,,,,,,,,,,,,,,,,,,,,,,,,,,,,,,,,,,,,,,,,,,,,,,,,,,,,,,,,,,,,,,,,,,,,,,,,,,,,,,,,,,,,,,,,,,,,,,,,
,EPS,8.15055381303457,10.36,9.14,8.12,4.89,3.94,4.37,3.48,2.59,1.83
,EPSDiluted,8.15055381303457,9.94,8.81,7.91,4.75,3.85,4.24,3.36,2.52,1.76
,weightedAverageShsOut,86401000.0,86401000.0,88750000.0,91129000.0,92597000.0,92023000.0,84317000.0,81793000.0,83328000.0,80610000.0
,weightedAverageShsOutDil,86401000.0,90070000.0,92151000.0,93594000.0,95213000.0,94139000.0,86982000.0,84655000.0,85736000.0,83654000.0
