date,,2020-12-31_FY,2019-12-31_FY,2018-12-31_FY,2017-12-31_FY,2016-12-31_FY,2015-12-31_FY,2014-12-31_FY,2013-12-31_FY,2012-12-31_FY,2011-12-31_FY,2010-12-31_FY,2009-12-31_FY,2008-12-31_FY,2007-12-31_FY,2006-12-31_FY,2005-12-31_FY,2004-12-31_FY,2003-12-31_FY,2002-12-31_FY,2001-12-31_FY,2000-12-31_FY,1999-12-31_FY,1998-12-31_FY,1997-12-31_FY,1996-12-31_FY
,revenue,492966000000.0,26867000000.0,23924000000.0,23445000000.0,19377000000.0,18121000000.0,17861000000.0,19705000000.0,18383000000.0,14554000000.0,13705000000.0,15090000000.0,12147000000.0,13516000000.0,11707000000.0,9935000000.0,8430000000.0,75891000000.0,52945452560.0,49540682880.0,45454000000.0,38627000000.0,33530000000.0,24579000000.0,26544000000.0
,costOfRevenue,303313000000.0,16714000000.0,15002000000.0,14776000000.0,12189000000.0,10957000000.0,10392000000.0,11333000000.0,10569000000.0,8459000000.0,7974000000.0,8133000000.0,6535000000.0,7310000000.0,6291000000.0,5288000000.0,4483000000.0,39371000000.0,26368830180.0,24301946880.0,22713000000.0,19769000000.0,18370000000.0,13445000000.0,15643000000.0
,grossProfit,189653000000.0,10153000000.0,8922000000.0,8669000000.0,7188000000.0,7164000000.0,7469000000.0,8372000000.0,7814000000.0,6095000000.0,5731000000.0,6957000000.0,5612000000.0,6206000000.0,5416000000.0,4647000000.0,3947000000.0,36520000000.0,26576622380.0,25238736000.0,22741000000.0,18858000000.0,15160000000.0,11134000000.0,10901000000.0
,grossProfitRatio,0.384718215860729,0.377898537238992,0.372930948002006,0.369759010449989,0.370955256231615,0.395342420396225,0.418173674486311,0.424866785079929,0.425066637654355,0.418785213686959,0.418168551623495,0.4610337972167,0.462007079937433,0.459159514649305,0.462629196207397,0.467740312028183,0.468208778173191,0.481216481532725,0.501962323390895,0.509454745731595,0.500308003696044,0.48820773034406,0.452132418729496,0.452988323365475,0.410676612417119
,,,,,,,,,,,,,,,,,,,,,,,,,,,,,,,,,,,,,,,,,,,,,,,,,,,,,,,,,,,,,,,,,,,,,,,,,,,,,,,,,,,,,,,,,,,,,,,,,,,,,
COST And EXPENSES,,,,,,,,,,,,,,,,,,,,,,,,,,,,,,,,,,,,,,,,,,,,,,,,,,,,,,,,,,,,,,,,,,,,,,,,,,,,,,,,,,,,,,,,,,,,,,,,,,,,,
,ResearchAndDevelopmentExpenses,0.0,0.0,0.0,0.0,0.0,0.0,0.0,0.0,0.0,0.0,0.0,0.0,0.0,0.0,0.0,0.0,0.0,0.0,0.0,0.0,0.0,0.0,0.0,0.0,0.0
,GeneralAndAdministrativeExpenses,22988000000.0,0.0,0.0,0.0,0.0,0.0,0.0,0.0,0.0,0.0,0.0,0.0,0.0,0.0,0.0,0.0,0.0,5740000000.0,4663025330.0,17116865280.0,4138000000.0,3275000000.0,2599000000.0,1924000000.0,2215000000.0
,SellingAndMarketingExpenses,123405000000.0,6462000000.0,5835000000.0,5674000000.0,4634000000.0,4442000000.0,4679000000.0,5312000000.0,4789000000.0,3576000000.0,3285000000.0,4037000000.0,3283000000.0,3571000000.0,3028000000.0,2513000000.0,2120000000.0,18696000000.0,12511000000.0,0.0,11543000000.0,9587000000.0,7891000000.0,5698000000.0,6148000000.0
,otherExpenses,-7656000000.0,260000000.0,150000000.0,1729000000.0,287000000.0,-159000000.0,-86000000.0,-110000000.0,-152000000.0,591000000.0,627000000.0,851000000.0,689000000.0,842000000.0,778000000.0,667000000.0,594000000.0,0.0,0.0,0.0,0.0,0.0,0.0,0.0,0.0
,operatingExpenses,0.0,141797000000.0,132022000000.0,129611000000.0,110521000000.0,88292000000.0,79316000000.0,79655000000.0,71635000000.0,58131000000.0,48441000000.0,63826000000.0,54939000000.0,48186000000.0,41097000000.0,33800000000.0,30249000000.0,0.0,0.0,0.0,0.0,0.0,0.0,0.0,0.0
,costAndExpenses,451463000000.0,23176000000.0,20837000000.0,20450000000.0,16823000000.0,15399000000.0,15071000000.0,16645000000.0,15358000000.0,12626000000.0,11886000000.0,13021000000.0,10507000000.0,11723000000.0,10097000000.0,8468000000.0,7197000000.0,63807000000.0,43532465900.0,41418812160.0,38394000000.0,32631000000.0,28860000000.0,21067000000.0,24006000000.0
,interestExpense,17516000000.0,-749000000.0,-500000000.0,-566000000.0,-468000000.0,452000000.0,454000000.0,331000000.0,193000000.0,210000000.0,264000000.0,398000000.0,356000000.0,417000000.0,374000000.0,425000000.0,338000000.0,2540000000.0,903896070.0,891313920.0,1028000000.0,1002000000.0,1102000000.0,997000000.0,1518000000.0
,,,,,,,,,,,,,,,,,,,,,,,,,,,,,,,,,,,,,,,,,,,,,,,,,,,,,,,,,,,,,,,,,,,,,,,,,,,,,,,,,,,,,,,,,,,,,,,,,,,,,
EBITDA,,,,,,,,,,,,,,,,,,,,,,,,,,,,,,,,,,,,,,,,,,,,,,,,,,,,,,,,,,,,,,,,,,,,,,,,,,,,,,,,,,,,,,,,,,,,,,,,,,,,,
,depreciationAndAmortization,28049000000.0,25810000000.0,17237000000.0,1587000000.0,586000000.0,568000000.0,612000000.0,672000000.0,553000000.0,5743000000.0,4884000000.0,2786000000.0,2439000000.0,2114000000.0,2080000000.0,1930000000.0,1776000000.0,5108000000.0,4633766060.0,3492495360.0,3489155100.0,2936000000.0,2334276000.0,1855000000.0,2018000000.0
,EBITDA,69552000000.0,27298000000.0,18950000000.0,3618000000.0,586000000.0,2031000000.0,2222000000.0,2587000000.0,2677000000.0,7671000000.0,6703000000.0,4855000000.0,4079000000.0,3907000000.0,3690000000.0,3397000000.0,3009000000.0,17192000000.0,14046752720.0,11614366080.0,10549155100.0,8932000000.0,7004276000.0,5367000000.0,4556000000.0
,EBITDARatio,0.141088837769745,1.01604198459076,0.792091623474335,0.154318618042226,0.0302420395314032,0.112079907289885,0.124405128492246,0.131286475513829,0.145623674046674,0.52707159543768,0.489091572418825,0.321736249171637,0.335803078949535,0.289064812074578,0.315196036559323,0.341922496225465,0.356939501779359,0.226535425808067,0.26530612244898,0.234440976684413,0.232084197210367,0.231237217490356,0.208895794810617,0.218357134138899,0.171639541892706
,,,,,,,,,,,,,,,,,,,,,,,,,,,,,,,,,,,,,,,,,,,,,,,,,,,,,,,,,,,,,,,,,,,,,,,,,,,,,,,,,,,,,,,,,,,,,,,,,,,,,
INCOME,,,,,,,,,,,,,,,,,,,,,,,,,,,,,,,,,,,,,,,,,,,,,,,,,,,,,,,,,,,,,,,,,,,,,,,,,,,,,,,,,,,,,,,,,,,,,,,,,,,,,
,operatingIncome,41503000000.0,1488000000.0,1713000000.0,2031000000.0,0.0,1463000000.0,1610000000.0,1915000000.0,2124000000.0,1928000000.0,1819000000.0,2069000000.0,1640000000.0,1793000000.0,1610000000.0,1467000000.0,1233000000.0,12084000000.0,9412986660.0,8121870720.0,7060000000.0,5996000000.0,4670000000.0,3512000000.0,2538000000.0
,operatingIncomeRatio,0.0841903904123205,0.0553839282391037,0.0716017388396589,0.0866282789507358,0.0,0.080735058771591,0.0901405296455965,0.0971834559756407,0.115541532938041,0.132472172598598,0.132725282743524,0.137110669317429,0.13501276035235,0.132657591003255,0.137524557956778,0.147659788626069,0.14626334519573,0.15922836700004,0.177786499215071,0.163943455112906,0.155321863862366,0.155228208248117,0.139278258276171,0.142886203669799,0.0956148282097649
,totalOtherIncomeExpensesNet,-7271000000.0,54000000.0,34000000.0,1769000000.0,56000000.0,24000000.0,74000000.0,50000000.0,135000000.0,0.0,0.0,0.0,0.0,0.0,0.0,0.0,0.0,-2204000000.0,-706493480.0,-27285120.0,-572000000.0,367000000.0,-1009000000.0,279000000.0,2034000000.0
,incomeBeforeTax,18936000000.0,1713000000.0,1713000000.0,2031000000.0,0.0,1463000000.0,1610000000.0,1915000000.0,2124000000.0,2033000000.0,1908000000.0,1454000000.0,975000000.0,1547000000.0,1296000000.0,1195000000.0,1045000000.0,8035000000.0,8238960730.0,7667118720.0,5869000000.0,5760000000.0,2908000000.0,3056000000.0,3464000000.0
,incomeBeforeTaxRatio,0.0384123854383467,0.0637585141623553,0.0716017388396589,0.0866282789507358,0.0,0.080735058771591,0.0901405296455965,0.0971834559756407,0.115541532938041,0.139686684073107,0.139219263042685,0.0963552021206097,0.0802667325265498,0.114456939923054,0.110702998206201,0.120281831907398,0.123962040332147,0.105875532013019,0.155612244897959,0.15476409032495,0.129119549434593,0.149118492246356,0.0867283030122279,0.124333780869848,0.130500301386377
,incomeTaxExpense,14819000000.0,0.0,0.0,0.0,0.0,0.0,0.0,0.0,0.0,0.0,0.0,0.0,0.0,0.0,0.0,0.0,0.0,3378000000.0,3625973890.0,2801272320.0,2314000000.0,1852000000.0,870000000.0,837000000.0,468000000.0
,netIncome,-1930000000.0,1713000000.0,1713000000.0,2031000000.0,0.0,1463000000.0,1610000000.0,1915000000.0,2124000000.0,2033000000.0,1908000000.0,1454000000.0,975000000.0,1547000000.0,1296000000.0,1195000000.0,1045000000.0,3093000000.0,2836363530.0,3265119360.0,2535000000.0,2930000000.0,1360000000.0,1675000000.0,1434000000.0
,netIncomeRatio,-0.00391507730756279,0.0637585141623553,0.0716017388396589,0.0866282789507358,0.0,0.080735058771591,0.0901405296455965,0.0971834559756407,0.115541532938041,0.139686684073107,0.139219263042685,0.0963552021206097,0.0802667325265498,0.114456939923054,0.110702998206201,0.120281831907398,0.123962040332147,0.0407558208483219,0.0535714285714286,0.0659078391775289,0.055770669248031,0.0758536774794833,0.0405606919176857,0.0681476056796452,0.0540235081374322
,,,,,,,,,,,,,,,,,,,,,,,,,,,,,,,,,,,,,,,,,,,,,,,,,,,,,,,,,,,,,,,,,,,,,,,,,,,,,,,,,,,,,,,,,,,,,,,,,,,,,
EPS,,,,,,,,,,,,,,,,,,,,,,,,,,,,,,,,,,,,,,,,,,,,,,,,,,,,,,,,,,,,,,,,,,,,,,,,,,,,,,,,,,,,,,,,,,,,,,,,,,,,,
,EPS,-1.93,1.713,1.713,2.031,0.0,1.463,1.61,1.915,2.124,2.033,2.15,1.63841719163439,1.0986635225884,1.74321278917359,1.46037735925596,1.34656708665963,0.0688470588261213,8.683333,8.923911,10.242734,7.05,8.15,4.7,415.193,9.0
,EPSDiluted,-1.93,1.713,1.713,2.031,0.0,1.463,1.61,1.915,2.124,2.033,2.15,1.63841719163439,1.0986635225884,1.74321278917359,1.46037735925596,1.34656708665963,0.0688470588261213,8.683333,8.923911,10.242734,7.05,8.15,4.7,8.501379,9.0
,weightedAverageShsOut,1000000000.0,1000000000.0,1000000000.0,999999999.0,1000000000.0,1000000000.0,999999999.0,1000000000.0,1000000000.0,1000000000.0,887441860.0,887441860.0,887441860.0,887441860.0,887441860.0,887441860.0,15178571428.0,317838000.0,317838627.0,318774201.0,320256000.0,320480427.0,262449877.0,87245132.0,153890013.0
,weightedAverageShsOutDil,1000000000.0,1000000000.0,1000000000.0,999999999.0,1000000000.0,1000000000.0,999999999.0,1000000000.0,1000000000.0,1000000000.0,887441860.0,887441860.0,887441860.0,887441860.0,887441860.0,887441860.0,15178571428.0,317838000.0,317838627.0,318774201.0,320256000.0,320480427.0,262449877.0,1588.0,153890013.0
