Date,2018-12-31,2017-12-31,2016-12-31,2015-12-31,2014-12-31,2013-12-31,2012-12-31,2011-12-31,2010-12-31,2009-12-31
Revenue,45747000.0,39504000.0,35601000.0,36545000.0,47315000.0,41330000.0,28027000.0,41495000.0,9844000.0,-14888000.0
Revenue Growth,0.158,0.1096,-0.0258,-0.2276,0.1448,0.4746,-0.3246,3.2153,1.6612,-1.3221
Cost of Revenue,0.0,0.0,0.0,0.0,0.0,0.0,0.0,0.0,0.0,0.0
Gross Profit,45747000.0,39504000.0,35601000.0,36545000.0,47315000.0,41330000.0,28027000.0,41495000.0,9844000.0,-14888000.0
R&D Expenses,0.0,0.0,0.0,0.0,0.0,0.0,0.0,0.0,0.0,0.0
SG&A Expense,22751000.0,21683000.0,21341000.0,21224000.0,20795000.0,21164000.0,25790000.0,26357000.0,22869000.0,19230000.0
Operating Expenses,29327000.0,28069000.0,27545000.0,28464000.0,33569000.0,34948000.0,41738000.0,41830000.0,41564000.0,38022000.0
Operating Income,16420000.0,11435000.0,8056000.0,8081000.0,13746000.0,6382000.0,-13711000.0,-335000.0,-31720000.0,-52910000.0
Interest Expense,0.0,0.0,0.0,0.0,0.0,0.0,0.0,0.0,0.0,0.0
Earnings before Tax,16420000.0,11435000.0,8056000.0,8081000.0,13746000.0,6382000.0,-13711000.0,-335000.0,-31720000.0,-52910000.0
Income Tax Expense,3071000.0,11288000.0,1747000.0,-27759000.0,326000.0,0.0,0.0,0.0,0.0,-8594000.0
Net Income - Non-Controlling int,0.0,0.0,0.0,0.0,0.0,0.0,0.0,0.0,0.0,0.0
Net Income - Discontinued ops,0.0,0.0,0.0,0.0,0.0,0.0,0.0,0.0,0.0,0.0
Net Income,13349000.0,147000.0,6309000.0,35840000.0,13420000.0,6382000.0,-13711000.0,-335000.0,-31720000.0,-44316000.0
Preferred Dividends,0.0,0.0,0.0,0.0,0.0,0.0,0.0,0.0,0.0,0.0
Net Income Com,13349000.0,147000.0,6309000.0,35840000.0,13420000.0,6382000.0,-13711000.0,-335000.0,-31720000.0,-44316000.0
EPS,0.79,0.01,0.38,2.17,0.81,0.39,-0.83,-0.02,-1.94,-2.74
EPS Diluted,0.79,0.01,0.38,2.17,0.81,0.39,-0.83,-0.02,-1.94,-2.74
Weighted Average Shs Out,16819768.0,16757963.0,16616200.0,16500945.0,16471569.0,16457169.0,16442119.0,16415605.0,16415605.0,16248570.0
Weighted Average Shs Out (Dil),16799004.0,16722966.0,16571262.0,16499622.0,16472660.0,16458353.0,16442160.0,16439508.0,16354245.0,16169777.0
Dividend per Share,0.13,0.09,0.06,0.0,0.0,0.0,0.0,0.0,0.0,0.17
Gross Margin,1.0,1.0,1.0,1.0,1.0,1.0,1.0,1.0,1.0,1.0
EBITDA Margin,0.424,0.353,0.299,0.268,0.322,0.185,-0.445,0.024,-3.06,3.432
EBIT Margin,0.3589,0.2895,0.2263,0.2211,0.2905,0.1544,-0.4892,-0.0081,-3.2223,3.5539
Profit Margin,0.292,0.004,0.177,0.981,0.284,0.154,-0.489,-0.008,-3.222,2.977
Free Cash Flow margin,0.3746,0.2702,-0.012,0.0832,0.2071,0.4707,-0.4512,0.0586,0.4685,0.0009
EBITDA,19388000.0,13951000.0,10660000.0,9784000.0,15216000.0,7647000.0,-12462000.0,1003000.0,-30119000.0,-51099000.0
EBIT,16420000.0,11435000.0,8056000.0,8081000.0,13746000.0,6382000.0,-13711000.0,-335000.0,-31720000.0,-52910000.0
Consolidated Income,13349000.0,147000.0,6309000.0,35840000.0,13420000.0,6382000.0,-13711000.0,-335000.0,-31720000.0,-44316000.0
Earnings Before Tax Margin,0.3589,0.2895,0.2263,0.2211,0.2905,0.1544,-0.4892,-0.0081,-3.2223,3.5539
Net Profit Margin,0.2918,0.0037,0.1772,0.9807,0.2836,0.1544,-0.4892,-0.0081,-3.2223,2.9766
