Date,2018-12-31,2017-12-31,2016-12-31,2015-12-31,2014-12-31,2013-12-31,2012-12-31,2011-12-31,2010-12-31,2009-12-31
Revenue,61309000.0,57851000.0,53846000.0,51616000.0,49495000.0,45327000.0,42330000.0,42193000.0,41324000.0,44247000.0
Revenue Growth,0.0598,0.0744,0.0432,0.0429,0.092,0.0708,0.0032,0.021,-0.0661,0.0375
Cost of Revenue,0.0,0.0,0.0,0.0,0.0,0.0,0.0,0.0,0.0,0.0
Gross Profit,61309000.0,57851000.0,53846000.0,51616000.0,49495000.0,45327000.0,42330000.0,42193000.0,41324000.0,44247000.0
R&D Expenses,0.0,0.0,0.0,0.0,0.0,0.0,0.0,0.0,0.0,0.0
SG&A Expense,32198000.0,30600000.0,28551000.0,28948000.0,28890000.0,27468000.0,24525000.0,24364000.0,22916000.0,23643000.0
Operating Expenses,33467000.0,31651000.0,29383000.0,29896000.0,30220000.0,28937000.0,26271000.0,26038000.0,25130000.0,25592000.0
Operating Income,27842000.0,26200000.0,24463000.0,21720000.0,19275000.0,16390000.0,16059000.0,16155000.0,16194000.0,18655000.0
Interest Expense,0.0,0.0,0.0,0.0,0.0,0.0,0.0,0.0,0.0,0.0
Earnings before Tax,27842000.0,26200000.0,24463000.0,21720000.0,19275000.0,16390000.0,16059000.0,16155000.0,16194000.0,17589000.0
Income Tax Expense,4306000.0,6612000.0,6454000.0,5514000.0,4566000.0,3425000.0,3371000.0,3791000.0,4078000.0,4547000.0
Net Income - Non-Controlling int,0.0,0.0,0.0,0.0,0.0,0.0,0.0,0.0,0.0,0.0
Net Income - Discontinued ops,0.0,0.0,0.0,0.0,0.0,0.0,0.0,0.0,0.0,0.0
Net Income,23536000.0,19588000.0,18009000.0,16206000.0,14709000.0,12965000.0,12688000.0,12364000.0,12116000.0,13042000.0
Preferred Dividends,0.0,0.0,0.0,0.0,0.0,0.0,0.0,0.0,0.0,1161000.0
Net Income Com,23536000.0,19588000.0,18009000.0,16206000.0,14709000.0,12965000.0,12688000.0,12364000.0,12116000.0,11881000.0
EPS,2.18,1.82,1.68,1.52,1.38,1.2,1.22,1.14,1.1,1.22
EPS Diluted,2.17,1.81,1.66,1.51,1.37,1.2,1.22,1.14,1.1,1.22
Weighted Average Shs Out,10860334.0,10827467.0,10791668.0,10751035.0,10721577.0,10668891.0,9853396.0,9805160.0,9770860.0,9743070.0
Weighted Average Shs Out (Dil),10860334.0,10827467.0,10791668.0,10751035.0,10721577.0,10668891.0,9853396.0,9788610.0,9760760.0,9721172.0
Dividend per Share,1.06,1.06,0.9,0.65,1.03,0.78,0.78,0.78,0.78,0.585
Gross Margin,1.0,1.0,1.0,1.0,1.0,1.0,1.0,1.0,1.0,1.0
EBITDA Margin,0.483,0.485,0.487,0.454,0.423,0.4,0.41,0.415,0.426,0.431
EBIT Margin,0.4541,0.4529,0.4543,0.4208,0.3894,0.3616,0.3794,0.3829,0.3919,0.3975
Profit Margin,0.384,0.339,0.334,0.314,0.297,0.286,0.3,0.293,0.293,0.269
Free Cash Flow margin,0.5278,0.3495,0.354,0.3841,0.3999,0.4992,0.5514,0.6755,0.5713,0.3376
EBITDA,29634000.0,28064000.0,26208000.0,23440000.0,20938000.0,18117000.0,17373000.0,17510000.0,17588000.0,19072000.0
EBIT,27842000.0,26200000.0,24463000.0,21720000.0,19275000.0,16390000.0,16059000.0,16155000.0,16194000.0,17589000.0
Consolidated Income,23536000.0,19588000.0,18009000.0,16206000.0,14709000.0,12965000.0,12688000.0,12364000.0,12116000.0,13042000.0
Earnings Before Tax Margin,0.4541,0.4529,0.4543,0.4208,0.3894,0.3616,0.3794,0.3829,0.3919,0.3975
Net Profit Margin,0.3839,0.3386,0.3345,0.314,0.2972,0.286,0.2997,0.293,0.2932,0.2948
