Date,2018-09-30,2017-09-30,2016-09-30,2015-09-30,2014-09-30,2013-09-30,2012-09-30,2011-09-30,2010-09-30,2009-09-30
Revenue,34499503.0,24764613.0,27479896.0,30013891.0,33359918.0,30910506.0,29403004.0,22763280.0,18996827.0,17440425.0
Revenue Growth,0.3931,-0.0988,-0.0844,-0.1003,0.0792,0.0513,0.2917,0.1983,0.0892,-0.1268
Cost of Revenue,27931427.0,20572970.0,22399734.0,24220698.0,26805193.0,24533154.0,25512846.0,17682301.0,14764840.0,13858122.0
Gross Profit,6568076.0,4191643.0,5080162.0,5793193.0,6554725.0,6377352.0,3890158.0,5080979.0,4231987.0,3582303.0
R&D Expenses,0.0,0.0,0.0,0.0,0.0,0.0,0.0,0.0,0.0,0.0
SG&A Expense,6307424.0,3593173.0,4463208.0,7305737.0,6653402.0,5671537.0,7153949.0,7220936.0,5802851.0,4931757.0
Operating Expenses,6307424.0,3593173.0,4463208.0,7305737.0,6653402.0,5671537.0,7153949.0,7220936.0,5802851.0,4931757.0
Operating Income,260652.0,598470.0,616954.0,-1512544.0,-98677.0,705815.0,-3263791.0,-2139957.0,-1570864.0,-1349454.0
Interest Expense,115447.0,0.0,0.0,0.0,0.0,0.0,0.0,0.0,0.0,0.0
Earnings before Tax,632320.0,579346.0,606562.0,-1433981.0,-799906.0,-206379.0,-9618946.0,-2956589.0,-1560791.0,-1093626.0
Income Tax Expense,-747000.0,0.0,0.0,0.0,0.0,507.0,15110.0,-56050.0,124032.0,300499.0
Net Income - Non-Controlling int,0.0,0.0,0.0,0.0,0.0,0.0,0.0,0.0,0.0,0.0
Net Income - Discontinued ops,0.0,0.0,0.0,-198963.0,326034.0,212321.0,6320968.0,875068.0,0.0,0.0
Net Income,1379320.0,579346.0,606562.0,-1433981.0,-799906.0,-206886.0,-9634056.0,-2900539.0,-1684823.0,-1394125.0
Preferred Dividends,0.0,0.0,0.0,475580.0,193200.0,546888.0,0.0,0.0,0.0,0.0
Net Income Com,1379320.0,579346.0,606562.0,-1909561.0,-993106.0,-753774.0,-9634056.0,-2900539.0,-1684823.0,-1394125.0
EPS,0.15,0.07,0.07,-0.23,-0.12,-0.09,-1.19,-0.36,-0.21,-0.18
EPS Diluted,0.15,0.07,0.07,-0.23,-0.12,-0.09,-1.19,-0.36,-0.21,-0.18
Weighted Average Shs Out,9533850.0,8920830.0,8782496.0,8641755.0,8195808.0,8819095.0,8105185.0,8087886.0,8021775.0,7930496.0
Weighted Average Shs Out (Dil),9264670.0,8727322.0,8521188.0,8342168.0,8186926.0,8111226.0,8101661.0,8080344.0,7983257.0,7926277.0
Dividend per Share,0.0,0.0,0.0,0.0,0.0,0.0,0.0,0.0,0.0,0.0
Gross Margin,0.1904,0.1693,0.1849,0.193,0.1965,0.2063,0.1323,0.2232,0.2228,0.2054
EBITDA Margin,0.028,0.024,0.024,-0.046,-0.022,-0.004,-0.324,-0.127,-0.079,-0.058
EBIT Margin,0.0217,0.0234,0.0221,-0.0478,-0.024,-0.0067,-0.3271,-0.1299,-0.0822,-0.0627
Profit Margin,0.04,0.023,0.022,-0.064,-0.03,-0.024,-0.328,-0.127,-0.089,-0.08
Free Cash Flow margin,0.0261,-0.0056,0.0262,-0.0685,0.006,0.0704,-0.3693,-0.0909,-0.0894,0.013
EBITDA,975956.0,601718.0,659316.0,-1380536.0,-735424.0,-131191.0,-9514973.0,-2882282.0,-1507189.0,-1018041.0
EBIT,747767.0,579346.0,606562.0,-1433981.0,-799906.0,-206379.0,-9618946.0,-2956589.0,-1560791.0,-1093626.0
Consolidated Income,1379320.0,579346.0,606562.0,-1433981.0,-799906.0,-206886.0,-9634056.0,-2900539.0,-1684823.0,-1394125.0
Earnings Before Tax Margin,0.0183,0.0234,0.0221,-0.0478,-0.024,-0.0067,-0.3271,-0.1299,-0.0822,-0.0627
Net Profit Margin,0.04,0.0234,0.0221,-0.0478,-0.024,-0.0067,-0.3277,-0.1274,-0.0887,-0.0799
