Date,2018-12-31,2017-12-31,2016-12-31,2015-12-31,2014-12-31,2013-12-31,2012-12-31,2011-12-31,2010-12-31,2009-12-31
Revenue,626969000.0,536377000.0,483514000.0,624523000.0,607192000.0,597963000.0,588541000.0,575337000.0,467058000.0,404020000.0
Revenue Growth,0.1689,0.1093,-0.2258,0.0285,0.0154,0.016,0.023,0.2318,0.156,-0.2508
Cost of Revenue,509810000.0,431116000.0,393158000.0,490870000.0,485601000.0,482024000.0,496272000.0,476927000.0,394197000.0,344162000.0
Gross Profit,117159000.0,105261000.0,90356000.0,133653000.0,121591000.0,115939000.0,92269000.0,98410000.0,72861000.0,59858000.0
R&D Expenses,0.0,0.0,0.0,0.0,0.0,0.0,0.0,0.0,0.0,0.0
SG&A Expense,87679000.0,80521000.0,85976000.0,92648000.0,79814000.0,71256000.0,66651000.0,64807000.0,41201000.0,35488000.0
Operating Expenses,138177000.0,87513000.0,231435000.0,185230000.0,84509000.0,74368000.0,69612000.0,67598000.0,41644000.0,35501000.0
Operating Income,-21018000.0,17748000.0,-141079000.0,-51577000.0,37082000.0,41571000.0,22657000.0,30812000.0,31217000.0,24357000.0
Interest Expense,6154000.0,8070000.0,6551000.0,4378000.0,512000.0,485000.0,542000.0,622000.0,1003000.0,1292000.0
Earnings before Tax,-26711000.0,10051000.0,-147169000.0,-50577000.0,39060000.0,44138000.0,25254000.0,33480000.0,32450000.0,25483000.0
Income Tax Expense,4457000.0,4690000.0,-5509000.0,-6132000.0,13404000.0,14848000.0,9066000.0,10585000.0,11958000.0,9756000.0
Net Income - Non-Controlling int,0.0,0.0,0.0,0.0,0.0,0.0,0.0,0.0,0.0,0.0
Net Income - Discontinued ops,0.0,0.0,0.0,0.0,0.0,0.0,-1424000.0,-828000.0,-486000.0,0.0
Net Income,-31168000.0,5361000.0,-141660000.0,-44445000.0,25656000.0,29290000.0,16188000.0,22895000.0,20492000.0,15727000.0
Preferred Dividends,0.0,0.0,0.0,0.0,0.0,0.0,0.0,0.0,0.0,0.0
Net Income Com,-31168000.0,5361000.0,-141660000.0,-44445000.0,25656000.0,29290000.0,16188000.0,22895000.0,20492000.0,15727000.0
EPS,-3.01,0.52,-13.79,-4.33,2.51,2.88,1.6,2.24,2.01,1.55
EPS Diluted,-3.01,0.51,-13.79,-4.33,2.48,2.85,1.58,2.22,1.98,1.53
Weighted Average Shs Out,10562832.0,10340576.0,10393449.0,10320151.0,10351381.0,10327689.0,10143398.0,10058333.0,10245964.0,10163964.0
Weighted Average Shs Out (Dil),10562832.0,10340576.0,10393449.0,10320151.0,10351381.0,10327689.0,10143398.0,10058333.0,10245964.0,10163964.0
Dividend per Share,0.0,0.0,0.12,0.16,0.13,0.12,0.1,0.1,0.0,0.0
Gross Margin,0.1869,0.1962,0.1869,0.214,0.2003,0.1939,0.1568,0.171,0.156,0.1482
EBITDA Margin,-0.003,0.071,-0.242,-0.031,0.086,0.091,0.066,0.08,0.091,0.088
EBIT Margin,-0.0328,0.0338,-0.2908,-0.074,0.0652,0.0746,0.0438,0.0593,0.0716,0.0663
Profit Margin,-0.05,0.01,-0.293,-0.071,0.042,0.049,0.028,0.04,0.044,0.039
Free Cash Flow margin,0.0368,0.0647,0.0242,0.0746,0.0821,0.0075,0.0337,0.0346,0.1293,0.0486
EBITDA,-1964000.0,37962000.0,-117126000.0,-19525000.0,52149000.0,54625000.0,38769000.0,46109000.0,42672000.0,35495000.0
EBIT,-20557000.0,18121000.0,-140618000.0,-46199000.0,39572000.0,44623000.0,25796000.0,34102000.0,33453000.0,26775000.0
Consolidated Income,-31168000.0,5361000.0,-141660000.0,-44445000.0,25656000.0,29290000.0,16188000.0,22895000.0,20492000.0,15727000.0
Earnings Before Tax Margin,-0.0426,0.0187,-0.3044,-0.081,0.0643,0.0738,0.0429,0.0582,0.0695,0.0631
Net Profit Margin,-0.0497,0.01,-0.293,-0.0712,0.0423,0.049,0.0275,0.0398,0.0439,0.0389
