date,,2020-12-31_FY,2019-12-31_FY,2018-12-31_FY,2017-12-31_FY,2016-12-31_FY,2015-12-31_FY,2014-12-31_FY,2013-12-31_FY,2012-12-31_FY,2011-12-31_FY,2010-12-31_FY,2009-12-31_FY,2008-12-31_FY,2007-12-31_FY,2006-12-31_FY,2005-12-31_FY,2004-12-31_FY,2003-12-31_FY,2002-12-31_FY,2001-12-31_FY,2000-12-31_FY,1999-12-31_FY,1998-12-31_FY,1997-12-31_FY,1996-12-31_FY
,revenue,253000.0,460000.0,1066000.0,1065000.0,6162000.0,36371000.0,1153000.0,1283000.0,2709000.0,2438000.0,3563000.0,1726000.0,2803000.0,7622000.0,3277000.0,290000.0,1053000.0,1174000.0,1248000.0,3620000.0,6609000.0,5400000.0,6800000.0,7300000.0,5300000.0
,costOfRevenue,0.0,0.0,0.0,0.0,0.0,0.0,0.0,0.0,0.0,0.0,0.0,0.0,0.0,0.0,0.0,0.0,0.0,0.0,0.0,0.0,-4653000.0,-3700000.0,-1700000.0,-1600000.0,-1200000.0
,grossProfit,0.0,0.0,0.0,0.0,0.0,0.0,0.0,0.0,0.0,2438000.0,3563000.0,1726000.0,0.0,0.0,0.0,0.0,0.0,0.0,0.0,0.0,11262000.0,9100000.0,8500000.0,8900000.0,6500000.0
,grossProfitRatio,0.0,0.0,0.0,0.0,0.0,0.0,0.0,0.0,0.0,1.0,1.0,1.0,0.0,0.0,0.0,0.0,0.0,0.0,0.0,0.0,1.70403994552882,1.68518518518519,1.25,1.21917808219178,1.22641509433962
,,,,,,,,,,,,,,,,,,,,,,,,,,,,,,,,,,,,,,,,,,,,,,,,,,,,,,,,,,,,,,,,,,,,,,,,,,,,,,,,,,,,,,,,,,,,,,,,,,,,,
COST And EXPENSES,,,,,,,,,,,,,,,,,,,,,,,,,,,,,,,,,,,,,,,,,,,,,,,,,,,,,,,,,,,,,,,,,,,,,,,,,,,,,,,,,,,,,,,,,,,,,,,,,,,,,
,ResearchAndDevelopmentExpenses,51488000.0,52072000.0,13432000.0,11033000.0,18047000.0,17831000.0,20707000.0,23155000.0,51368000.0,69316000.0,61687000.0,57617000.0,53664000.0,54624000.0,41234000.0,35080000.0,30084000.0,25551000.0,31573000.0,29018000.0,23548000.0,20600000.0,15600000.0,15100000.0,14300000.0
,GeneralAndAdministrativeExpenses,25678000.0,20893000.0,18707000.0,19287000.0,18761000.0,17793000.0,16758000.0,15624000.0,20397000.0,23789000.0,18043000.0,14343000.0,16183000.0,15837000.0,9403000.0,8788000.0,7104000.0,5803000.0,5375000.0,9621000.0,9273000.0,5600000.0,3800000.0,3100000.0,3200000.0
,SellingAndMarketingExpenses,0.0,0.0,0.0,0.0,0.0,0.0,0.0,0.0,0.0,0.0,0.0,0.0,0.0,0.0,0.0,0.0,0.0,0.0,0.0,0.0,0.0,0.0,0.0,0.0,0.0
,otherExpenses,168000.0,-69000.0,-154000.0,0.0,0.0,0.0,0.0,0.0,0.0,0.0,0.0,0.0,0.0,0.0,0.0,0.0,0.0,0.0,0.0,0.0,0.0,0.0,0.0,0.0,0.0
,operatingExpenses,77166000.0,72965000.0,32139000.0,30320000.0,36808000.0,35624000.0,37465000.0,38779000.0,71765000.0,93105000.0,79730000.0,71960000.0,69847000.0,70461000.0,50637000.0,38000000.0,37188000.0,31354000.0,36948000.0,38639000.0,37474000.0,29900000.0,21100000.0,19800000.0,18700000.0
,costAndExpenses,77166000.0,72965000.0,32139000.0,30320000.0,36808000.0,35624000.0,37465000.0,38779000.0,71765000.0,93105000.0,79730000.0,71960000.0,69847000.0,70461000.0,50637000.0,38000000.0,37188000.0,31354000.0,36948000.0,38639000.0,32821000.0,26200000.0,19400000.0,18200000.0,17500000.0
,interestExpense,760000.0,0.0,0.0,77000.0,83000.0,88000.0,82000.0,56000.0,233000.0,237000.0,98000.0,143000.0,93000.0,102000.0,130000.0,464000.0,672000.0,736000.0,757000.0,1004000.0,12284000.0,0.0,900000.0,0.0,400000.0
,,,,,,,,,,,,,,,,,,,,,,,,,,,,,,,,,,,,,,,,,,,,,,,,,,,,,,,,,,,,,,,,,,,,,,,,,,,,,,,,,,,,,,,,,,,,,,,,,,,,,
EBITDA,,,,,,,,,,,,,,,,,,,,,,,,,,,,,,,,,,,,,,,,,,,,,,,,,,,,,,,,,,,,,,,,,,,,,,,,,,,,,,,,,,,,,,,,,,,,,,,,,,,,,
,depreciationAndAmortization,935000.0,776000.0,59000.0,76000.0,81000.0,56000.0,47000.0,320000.0,830000.0,1580000.0,1609000.0,1753000.0,2422000.0,1930000.0,1589000.0,3743000.0,3905000.0,4122000.0,4590000.0,4370000.0,4653000.0,3700000.0,1700000.0,1600000.0,1200000.0
,EBITDA,-75978000.0,-71729000.0,-31014000.0,-29179000.0,-30565000.0,803000.0,-36265000.0,-37176000.0,-68226000.0,-89087000.0,-74558000.0,-68481000.0,-64622000.0,-60909000.0,-45771000.0,-33967000.0,-32230000.0,-26058000.0,-31110000.0,-30649000.0,-21559000.0,-17100000.0,-10900000.0,-9300000.0,-11000000.0
,EBITDARatio,-300.308300395257,-155.932608695652,-29.093808630394,-27.3981220657277,-4.96024018175917,0.0220780291990872,-31.4527320034692,-28.9758378799688,-25.1849390919158,-36.5410172272354,-20.9256244737581,-39.6761297798378,-23.0545843738851,-7.9912096562582,-13.9673481843149,-117.127586206897,-30.6077872744539,-22.1959114139693,-24.9278846153846,-8.46657458563536,-3.26206687849902,-3.16666666666667,-1.60294117647059,-1.27397260273973,-2.07547169811321
,,,,,,,,,,,,,,,,,,,,,,,,,,,,,,,,,,,,,,,,,,,,,,,,,,,,,,,,,,,,,,,,,,,,,,,,,,,,,,,,,,,,,,,,,,,,,,,,,,,,,
INCOME,,,,,,,,,,,,,,,,,,,,,,,,,,,,,,,,,,,,,,,,,,,,,,,,,,,,,,,,,,,,,,,,,,,,,,,,,,,,,,,,,,,,,,,,,,,,,,,,,,,,,
,operatingIncome,-76913000.0,-72505000.0,-31073000.0,-29255000.0,-30646000.0,747000.0,-36312000.0,-37496000.0,-69056000.0,-90667000.0,-76167000.0,-70234000.0,-67044000.0,-62839000.0,-47360000.0,-37710000.0,-36135000.0,-30180000.0,-35700000.0,-35019000.0,-26212000.0,-20800000.0,-12600000.0,-10900000.0,-12200000.0
,operatingIncomeRatio,-304.00395256917,-157.619565217391,-29.1491557223265,-27.4694835680751,-4.9733852645245,0.0205383409859503,-31.4934952298352,-29.2252533125487,-25.4913252122554,-37.1890894175554,-21.37721021611,-40.6917728852839,-23.9186585800928,-8.24442403568617,-14.4522429050961,-130.034482758621,-34.3162393162393,-25.7069846678024,-28.6057692307692,-9.67375690607735,-3.96610682402784,-3.85185185185185,-1.85294117647059,-1.49315068493151,-2.30188679245283
,totalOtherIncomeExpensesNet,228000.0,-264000.0,765000.0,0.0,0.0,-1290000.0,351000.0,-1778000.0,-2689000.0,-6973000.0,-37157000.0,-1181000.0,-426000.0,15453000.0,7421000.0,5856000.0,-45150000.0,-779000.0,0.0,-11910000.0,0.0,-23400000.0,2700000.0,1800000.0,1800000.0
,incomeBeforeTax,-75617000.0,-68548000.0,-27017000.0,-27916000.0,-29537000.0,46000.0,-35670000.0,-38379000.0,-68881000.0,0.0,0.0,0.0,0.0,0.0,0.0,0.0,0.0,0.0,0.0,0.0,0.0,0.0,0.0,0.0,0.0
,incomeBeforeTaxRatio,-298.881422924901,-149.017391304348,-25.344277673546,-26.21220657277,-4.79341123012009,0.0012647438893624,-30.9366869037294,-29.9134840218239,-25.4267257290513,0.0,0.0,0.0,0.0,0.0,0.0,0.0,0.0,0.0,0.0,0.0,0.0,0.0,0.0,0.0,0.0
,incomeTaxExpense,0.0,0.0,0.0,0.0,0.0,0.0,0.0,0.0,0.0,0.0,0.0,0.0,0.0,0.0,0.0,0.0,0.0,0.0,0.0,0.0,0.0,0.0,0.0,0.0,0.0
,netIncome,-75617000.0,-68548000.0,-27017000.0,-27916000.0,-29537000.0,46000.0,-35670000.0,-38379000.0,-68881000.0,-96853000.0,-111377000.0,-70184000.0,-62021000.0,-36697000.0,-31365000.0,-33528000.0,-80405000.0,-29883000.0,-33908000.0,-42073000.0,-45833000.0,-46400000.0,-10800000.0,-9600000.0,-10700000.0
,netIncomeRatio,-298.881422924901,-149.017391304348,-25.344277673546,-26.21220657277,-4.79341123012009,0.0012647438893624,-30.9366869037294,-29.9134840218239,-25.4267257290513,-39.7264150943396,-31.2593320235756,-40.6628041714948,-22.126650017838,-4.81461558646025,-9.57125419591089,-115.613793103448,-76.358024691358,-25.454003407155,-27.1698717948718,-11.6223756906077,-6.93493720683916,-8.59259259259259,-1.58823529411765,-1.31506849315068,-2.0188679245283
,,,,,,,,,,,,,,,,,,,,,,,,,,,,,,,,,,,,,,,,,,,,,,,,,,,,,,,,,,,,,,,,,,,,,,,,,,,,,,,,,,,,,,,,,,,,,,,,,,,,,
EPS,,,,,,,,,,,,,,,,,,,,,,,,,,,,,,,,,,,,,,,,,,,,,,,,,,,,,,,,,,,,,,,,,,,,,,,,,,,,,,,,,,,,,,,,,,,,,,,,,,,,,
,EPS,-0.397648697577067,-0.36,-0.15,-0.18,-0.19,0.000291,-0.23,-0.3,-0.54,-0.78,-1.14,-0.8,-0.79,-0.62,-0.47,-0.58,-1.79,-0.97,-1.37,-1.9,-2.2,-3.0,-1.0,-0.91,-2.07722098117436
,EPSDiluted,-0.397648697577067,-0.36,-0.15,-0.18,-0.19,0.000283,-0.23,-0.3,-0.54,-0.78,-1.14,-0.8,-0.79,-0.62,-0.47,-0.58,-1.79,-0.97,-1.37,-1.9,-2.2,-3.0,-1.0,-0.91,-1.38208341971355
,weightedAverageShsOut,190160311.0,190160311.0,176504996.0,159224986.0,159045644.0,158036162.0,153540341.0,128380800.0,126941024.0,124506763.0,97601520.0,88078557.0,78187795.0,74206249.0,66057367.0,57879725.0,44877627.0,30965330.0,24661733.0,22121833.0,20869791.0,15489035.0,11439084.0,10551054.0,5151113.0
,weightedAverageShsOutDil,190160311.0,190160311.0,176504996.0,159224986.0,159045644.0,162663894.0,153540341.0,128380800.0,126941024.0,124506763.0,97601520.0,88078557.0,78187795.0,74206249.0,66057367.0,57879725.0,44877627.0,30965330.0,24661733.0,22121833.0,20869791.0,15489035.0,11439084.0,10551054.0,7741935.0
