Date,2018-12-31,2017-12-31,2016-12-31,2015-12-31,2014-12-31,2013-12-31,2012-12-31,2011-12-31,2011-01-02,2010-01-03
Revenue,2695966000.0,2591846000.0,2481890000.0,2586114000.0,2737032000.0,2600602000.0,3372586000.0,3525997000.0,4586417000.0,4326040000.0
Revenue Growth,0.0402,0.0443,-0.0403,-0.0551,0.0525,-0.2289,-0.0435,-0.2312,0.0602,0.0271
Cost of Revenue,1687432000.0,1454343000.0,1270030000.0,1206153000.0,1261753000.0,1210863000.0,1535237000.0,1562615000.0,1850402000.0,1879214000.0
Gross Profit,1008534000.0,1137503000.0,1211860000.0,1379961000.0,1475279000.0,1389739000.0,1837349000.0,1963382000.0,2736015000.0,2446826000.0
R&D Expenses,0.0,0.0,0.0,0.0,0.0,0.0,0.0,0.0,0.0,0.0
SG&A Expense,650128000.0,887790000.0,896097000.0,1104163000.0,1132157000.0,1123965000.0,1317494000.0,1383660000.0,1869194000.0,1831716000.0
Operating Expenses,762373000.0,1001100000.0,988991000.0,1460786000.0,1242559000.0,1240305000.0,1688736000.0,1629264000.0,2133151000.0,2156427000.0
Operating Income,246161000.0,136403000.0,222869000.0,-80825000.0,232720000.0,149434000.0,148613000.0,334118000.0,602864000.0,290399000.0
Interest Expense,37902000.0,33886000.0,35390000.0,32654000.0,35533000.0,35931000.0,35944000.0,33226000.0,30503000.0,31565000.0
Earnings before Tax,323306000.0,182344000.0,249790000.0,-80155000.0,1606143000.0,277365000.0,205513000.0,221550000.0,500514000.0,181774000.0
Income Tax Expense,52100000.0,-119700000.0,81200000.0,20500000.0,312300000.0,40500000.0,73400000.0,104400000.0,222400000.0,89000000.0
Net Income - Non-Controlling int,202000.0,445000.0,868000.0,1435000.0,-583000.0,480000.0,74000.0,7000.0,-94000.0,-1574000.0
Net Income - Discontinued ops,0.0,0.0,0.0,-42170000.0,0.0,0.0,0.0,0.0,0.0,0.0
Net Income,271206000.0,302044000.0,168590000.0,-100655000.0,1293843000.0,236865000.0,132113000.0,117150000.0,278114000.0,92774000.0
Preferred Dividends,0.0,0.0,0.0,631000.0,847000.0,855000.0,895000.0,917000.0,922000.0,928000.0
Net Income Com,271206000.0,302044000.0,168590000.0,-101286000.0,1292996000.0,236010000.0,131218000.0,116233000.0,277192000.0,91846000.0
EPS,50.55,54.24,29.95,-17.87,195.81,32.1,17.39,14.7,31.06,9.78
EPS Diluted,50.2,53.89,29.8,-17.87,195.03,32.05,17.39,14.7,31.04,9.78
Weighted Average Shs Out,5301759.0,5531816.0,5613555.0,5840354.0,5793660.0,7383589.0,7378162.0,7719482.0,8446507.0,9399996.0
Weighted Average Shs Out (Dil),5333000.0,5516000.0,5559000.0,5727000.0,6470000.0,7238000.0,7360000.0,7826000.0,8869000.0,9332000.0
Dividend per Share,5.32,5.08,4.84,434.6,10.2,0.0,19.6,9.4,9.0,8.6
Gross Margin,0.3741,0.4389,0.4883,0.5336,0.539,0.5344,0.5448,0.5568,0.5965,0.5656
EBITDA Margin,0.176,0.127,0.152,0.147,0.691,0.222,0.158,0.153,0.177,0.124
EBIT Margin,0.134,0.0834,0.1149,-0.0184,0.5998,0.1205,0.0716,0.0723,0.1158,0.0493
Profit Margin,0.101,0.117,0.068,-0.039,0.472,0.091,0.039,0.033,0.06,0.021
Free Cash Flow margin,0.07,0.0801,0.0784,-0.0256,0.0278,0.0399,0.0769,0.0502,0.0981,0.091
EBITDA,473453000.0,329540000.0,378074000.0,380936000.0,1891133000.0,578156000.0,532893000.0,541084000.0,810665000.0,535852000.0
EBIT,361208000.0,216230000.0,285180000.0,-47501000.0,1641676000.0,313296000.0,241457000.0,254776000.0,531017000.0,213339000.0
Consolidated Income,271408000.0,302489000.0,169458000.0,-99220000.0,1293260000.0,237345000.0,132187000.0,117157000.0,278020000.0,91200000.0
Earnings Before Tax Margin,0.1199,0.0704,0.1006,-0.031,0.5868,0.1067,0.0609,0.0628,0.1091,0.042
Net Profit Margin,0.1006,0.1165,0.0679,-0.0389,0.4727,0.0911,0.0392,0.0332,0.0606,0.0214
