Date,2018-12-31,2017-12-31,2016-12-31,2015-12-31,2014-12-31,2013-12-31,2012-12-31,2011-12-31,2010-12-31,2009-12-31
Revenue,221247000.0,171022000.0,286326000.0,306120000.0,506639000.0,608326000.0,521340000.0,307832000.0,248286000.0,311529000.0
Revenue Growth,0.293675667457988,-0.4027018154132,-0.0646609172873383,-0.395782796034257,-0.167158727392878,0.166850807534431,0.693586111905195,0.239828262568167,-0.203008387662144,-0.2592
Cost of Revenue,228443000.0,213947000.0,261473000.0,321276000.0,462083000.0,584665000.0,517500000.0,303304000.0,225015000.0,272064000.0
Gross Profit,-7196000.0,-42925000.0,24853000.0,-15156000.0,44556000.0,23661000.0,3840000.0,4528000.0,23271000.0,39465000.0
R&D Expenses,0.0,0.0,0.0,0.0,0.0,0.0,0.0,0.0,0.0,0.0
SG&A Expense,19015000.0,17800000.0,19670000.0,16256000.0,20609000.0,11555000.0,9806000.0,8187000.0,7947000.0,8257000.0
Operating Expenses,19015000.0,17800000.0,19670000.0,16256000.0,20609000.0,11555000.0,9806000.0,8187000.0,7947000.0,8257000.0
Operating Income,-19665000.0,-68397000.0,5183000.0,-38614000.0,23947000.0,12106000.0,-5966000.0,-3659000.0,15324000.0,31208000.0
Interest Expense,142000.0,349000.0,332000.0,165000.0,37000.0,237000.0,153000.0,173000.0,76000.0,77000.0
Earnings before Tax,-19807000.0,-68959000.0,5556000.0,-38733000.0,23824000.0,11535000.0,-5405000.0,-2448000.0,21359000.0,32139000.0
Income Tax Expense,571000.0,-24193000.0,2041000.0,-13369000.0,8504000.0,4303000.0,-1314000.0,-644000.0,8266000.0,11335000.0
Net Income - Non-Controlling int,0.0,0.0,0.0,0.0,0.0,0.0,0.0,0.0,0.0,0.0
Net Income - Discontinued ops,0.0,0.0,0.0,0.0,0.0,0.0,0.0,0.0,0.0,0.0
Net Income,-20378000.0,-44766000.0,3515000.0,-25364000.0,15320000.0,7232000.0,-4091000.0,-1804000.0,13093000.0,20804000.0
Preferred Dividends,0.0,0.0,0.0,0.0,0.0,0.0,0.0,0.0,0.0,0.0
Net Income Com,-20378000.0,-44766000.0,3515000.0,-25364000.0,15320000.0,7232000.0,-4091000.0,-1804000.0,13093000.0,20804000.0
EPS,-1.36,-3.02,0.24,-1.75,1.05,0.5,-0.29,-0.13,0.9,1.44
EPS Diluted,-1.36,-3.02,0.24,-1.75,1.05,0.5,-0.29,-0.13,0.9,1.44
Weighted Average Shs Out,15032000.0,14838000.0,14631000.0,14546000.0,14505000.0,14463000.0,14400000.0,0.0,14318501.0,14293257.0
Weighted Average Shs Out (Dil),15032000.0,14838000.0,14631000.0,14546000.0,14505000.0,14469000.0,14400000.0,0.0,14318501.0,14293257.0
Dividend per Share,0.0,0.0403019274835,0.0401886405577,0.403203629864,0.404343329886,0.40355242242,0.404305555556,0.0,0.04,0.13
Gross Margin,-0.0325247347987,-0.25099110056,0.0867996619238,-0.04950999608,0.0879442759045,0.038895263395,0.00736563471055,0.0147093219678,0.0937,0.1267
EBITDA Margin,-0.0417406789697,-0.324449486031,0.106979456983,-0.0405396576506,0.09944556183,0.0611399151113,0.0334330763034,0.0553321292133,0.164,0.163
EBIT Margin,-0.0888825611195,-0.399931003029,0.0181017441657,-0.126140075787,0.0472663967835,0.0199005138692,-0.0114435876779,-0.0118863535955,0.0863,0.1034
Profit Margin,-0.0921052036864,-0.2617557975,0.0122762166202,-0.0828563961845,0.0302384932861,0.0118883624898,-0.00784708635439,-0.00586033940591,0.053,0.067
Free Cash Flow margin,-0.10790202805,-0.258557378583,0.0263895000803,0.0150169868026,0.00878732193929,0.0273701929558,-0.0476713852764,-0.0961985758466,0.3209,-0.0105
EBITDA,-9235000.0,-55488000.0,30631000.0,-12410000.0,50383000.0,37193000.0,17430000.0,17033000.0,40717000.0,50728000.0
EBIT,-19665000.0,-68397000.0,5183000.0,-38614000.0,23947000.0,12106000.0,-5966000.0,-3659000.0,21435000.0,32216000.0
Consolidated Income,-20378000.0,-44766000.0,3515000.0,-25364000.0,15320000.0,7232000.0,-4091000.0,-1804000.0,13093000.0,20804000.0
Earnings Before Tax Margin,-0.0895243777317,-0.40321712996,0.0194044550617,-0.12652881223,0.0470236203687,0.0189618724171,-0.0103675144819,-0.00795238961511,0.086,0.1032
Net Profit Margin,-0.0921052036864,-0.2617557975,0.0122762166202,-0.0828563961845,0.0302384932861,0.0118883624898,-0.00784708635439,-0.00586033940591,0.0527,0.0668
