Date,2018-12-31,2017-12-31,2016-12-31,2015-12-31,2014-12-31,2013-12-31,2012-12-31,2011-12-31,2010-12-31,2009-12-31
Revenue,12557000.0,14799000.0,19218000.0,25541000.0,32156000.0,33454000.0,29070000.0,0.0,27550000.0,25255000.0
Revenue Growth,-0.151496722751537,-0.229940680611926,-0.247562742257547,-0.205715885060331,-0.0387995456447659,0.150808393532852,0.0,-1,0.0908730944367452,0.0293
Cost of Revenue,13446000.0,13088000.0,15433000.0,18567000.0,24390000.0,23026000.0,19075000.0,0.0,19615000.0,18481000.0
Gross Profit,-889000.0,1711000.0,3785000.0,6974000.0,7766000.0,10428000.0,9995000.0,0.0,7935000.0,6774000.0
R&D Expenses,921000.0,0.0,0.0,0.0,0.0,0.0,0.0,0.0,0.0,0.0
SG&A Expense,4930000.0,4078000.0,5870000.0,7463000.0,8950000.0,11870000.0,10591000.0,0.0,10550000.0,6141000.0
Operating Expenses,5851000.0,4078000.0,5870000.0,7463000.0,8950000.0,11870000.0,10591000.0,0.0,10550000.0,6141000.0
Operating Income,-6740000.0,-2367000.0,-2085000.0,-489000.0,-1184000.0,-1442000.0,-596000.0,0.0,-2615000.0,633000.0
Interest Expense,311000.0,1017000.0,0.0,1397000.0,1343000.0,1096000.0,421000.0,0.0,160000.0,1559000.0
Earnings before Tax,-7155000.0,0.0,0.0,0.0,0.0,0.0,-1170000.0,0.0,-2663000.0,-547000.0
Income Tax Expense,13000.0,-230000.0,-79000.0,170000.0,139000.0,-30000.0,-2221000.0,0.0,0.0,0.0
Net Income - Non-Controlling int,0.0,0.0,0.0,0.0,0.0,0.0,0.0,0.0,0.0,0.0
Net Income - Discontinued ops,0.0,0.0,0.0,0.0,0.0,0.0,0.0,0.0,-112000.0,-379000.0
Net Income,-7168000.0,5785000.0,-3533000.0,-2143000.0,-2755000.0,-4211000.0,1051000.0,0.0,-2663000.0,-547000.0
Preferred Dividends,12000.0,70000.0,12000.0,18000.0,20000.0,20000.0,0.0,0.0,934000.0,64000.0
Net Income Com,-7168000.0,5785000.0,-3533000.0,-2143000.0,-2755000.0,-4211000.0,1051000.0,0.0,-3597000.0,-611000.0
EPS,-0.15,0.15,-0.1,-0.06,-0.08,-0.14,0.04,0.0,-1.9,-0.5
EPS Diluted,-0.15,0.14,-0.1,-0.06,-0.08,-0.14,0.04,0.0,-1.9,-0.5
Weighted Average Shs Out,47950000.0,37603000.0,35611000.0,35442000.0,34885000.0,30525000.0,25254000.0,0.0,2115985.0,1624737.0
Weighted Average Shs Out (Dil),47950000.0,41440000.0,35611000.0,35442000.0,34885000.0,30525000.0,26656000.0,0.0,1912700.0,1323500.0
Dividend per Share,0.0,0.0,0.0,0.0,0.0,0.0,0.0,0.0,0.0,0.0
Gross Margin,-0.0707971649279,0.115615919995,0.196950775315,0.273051172624,0.241510138077,0.311711603994,0.343825249398,0.0,0.288,0.2682
EBITDA Margin,-0.455204268535,-0.0432461652814,-0.00280986575086,0.0717669629224,0.0510013683294,0.0932922819394,0.0564843481252,0.0,-0.052,0.082
EBIT Margin,-0.536752409015,-0.159943239408,-0.108492038714,-0.0191456873263,-0.0368205000622,-0.0431039636516,-0.0205022359821,0.0,-0.0909,0.0401
Profit Margin,-0.570836983356,0.390904790864,-0.183838068477,-0.0839043107161,-0.0856760791143,-0.125874334908,0.0361541107671,0.0,-0.131,-0.024
Free Cash Flow margin,-0.118658915346,0.0997364686803,-0.0103548756374,-0.000391527348185,-0.0121594725712,0.043163747235,0.00278637770898,0.0,-0.109,-0.0431
EBITDA,-5716000.0,-640000.0,-54000.0,1833000.0,1640000.0,3121000.0,1642000.0,0.0,-1425000.0,2068000.0
EBIT,-6740000.0,-2367000.0,-2085000.0,-489000.0,-1184000.0,-1442000.0,-596000.0,0.0,-2503000.0,1012000.0
Consolidated Income,-7168000.0,5785000.0,-3533000.0,-2143000.0,-2755000.0,-4211000.0,1051000.0,0.0,-2663000.0,-547000.0
Earnings Before Tax Margin,-0.569801704229,0.0,0.0,0.0,0.0,0.0,-0.0402476780186,0.0,-0.0967,-0.0217
Net Profit Margin,-0.570836983356,0.390904790864,-0.183838068477,-0.0839043107161,-0.0856760791143,-0.125874334908,0.0361541107671,0.0,-0.0967,-0.0217
