date,,2020-12-31_FY,2019-12-31_FY,2018-12-31_FY,2017-12-31_FY,2016-12-31_FY,2015-12-31_FY,2014-12-31_FY,2013-12-31_FY,2012-12-31_FY,2011-12-31_FY,2010-12-31_FY,2009-12-31_FY,2008-12-31_FY,2007-12-31_FY,2006-12-31_FY,2005-12-31_FY,2004-12-31_FY,2003-12-31_FY,2002-12-31_FY,2001-12-31_FY,2000-12-31_FY,1999-12-31_FY
,revenue,182527000000.0,161857000000.0,136819000000.0,110855000000.0,90272000000.0,74989000000.0,66001000000.0,55519000000.0,46039000000.0,37905000000.0,29321000000.0,23651000000.0,21796000000.0,16594000000.0,10605000000.0,6139000000.0,3189000000.0,1466000000.0,440000000.0,86000000.0,19000000.0,0.0
,costOfRevenue,84732000000.0,71896000000.0,59549000000.0,45583000000.0,35138000000.0,28164000000.0,25313000000.0,21993000000.0,17176000000.0,13188000000.0,10417000000.0,8844000000.0,8622000000.0,6649000000.0,4225000000.0,2577000000.0,1469000000.0,634000000.0,133000000.0,15000000.0,6000000.0,1000000.0
,grossProfit,97795000000.0,89961000000.0,77270000000.0,65272000000.0,55134000000.0,46825000000.0,40688000000.0,33526000000.0,28863000000.0,24717000000.0,18904000000.0,14806000000.0,13174000000.0,9945000000.0,6380000000.0,3561000000.0,1720000000.0,832000000.0,307000000.0,71000000.0,13000000.0,-1000000.0
,grossProfitRatio,0.535783747062079,0.555805433191027,0.564760742294564,0.588805195976726,0.610754165189649,0.624424915654296,0.616475507946849,0.603865343395955,0.626924998370946,0.65207756232687,0.644725623273422,0.62602004143588,0.604422829877042,0.599313004700494,0.601603017444602,0.580061899332139,0.539354029476325,0.567530695770805,0.697727272727273,0.825581395348837,0.684210526315789,0.0
,,,,,,,,,,,,,,,,,,,,,,,,,,,,,,,,,,,,,,,,,,,,,,,,,,,,,,,,,,,,,,,,,,,,,,,,,,,,,,,,,,,,,,,,,,,,,,,,,,,,,
COST And EXPENSES,,,,,,,,,,,,,,,,,,,,,,,,,,,,,,,,,,,,,,,,,,,,,,,,,,,,,,,,,,,,,,,,,,,,,,,,,,,,,,,,,,,,,,,,,,,,,,,,,,,,,
,ResearchAndDevelopmentExpenses,27573000000.0,26018000000.0,21419000000.0,16625000000.0,13948000000.0,12282000000.0,9832000000.0,7137000000.0,6083000000.0,5162000000.0,3762000000.0,2843000000.0,2793000000.0,2120000000.0,1229000000.0,600000000.0,395000000.0,230000000.0,40000000.0,21000000.0,12000000.0,3000000.0
,GeneralAndAdministrativeExpenses,11052000000.0,9551000000.0,6923000000.0,6840000000.0,6985000000.0,6136000000.0,13982000000.0,10986000000.0,8946000000.0,7313000000.0,4761000000.0,3651000000.0,3749000000.0,2741000000.0,1601000000.0,855000000.0,484000000.0,259000000.0,80000000.0,39000000.0,16000000.0,3000000.0
,SellingAndMarketingExpenses,17946000000.0,18464000000.0,16333000000.0,12893000000.0,10485000000.0,9047000000.0,0.0,0.0,0.0,0.0,0.0,0.0,0.0,0.0,0.0,0.0,0.0,0.0,0.0,0.0,0.0,0.0
,otherExpenses,-1246000000.0,5394000000.0,8592000000.0,1047000000.0,434000000.0,291000000.0,0.0,0.0,0.0,0.0,0.0,0.0,0.0,0.0,0.0,0.0,0.0,0.0,0.0,0.0,0.0,0.0
,operatingExpenses,56571000000.0,54033000000.0,45878000000.0,36390000000.0,31418000000.0,27465000000.0,23814000000.0,20001000000.0,16781000000.0,12975000000.0,8523000000.0,6494262000.0,6542075000.0,4860501000.0,2829894000.0,1549773000.0,1091378000.0,497616000.0,121532000.0,16500000.0,27764000.0,6000000.0
,costAndExpenses,141303000000.0,127626000000.0,109295000000.0,84677000000.0,66556000000.0,55629000000.0,49505000000.0,40116000000.0,32205000000.0,26273000000.0,18940000000.0,15338000000.0,16258000000.0,11510000000.0,7055000000.0,4121000000.0,2549000000.0,1123000000.0,253000000.0,75000000.0,34000000.0,7000000.0
,interestExpense,135000000.0,100000000.0,114000000.0,109000000.0,124000000.0,104000000.0,585000000.0,305000000.0,-145000000.0,629000000.0,404000000.0,67000000.0,312000000.0,594000000.0,458000000.0,120000000.0,15000000.0,1000000.0,-1000000.0,-1000000.0,0.0,0.0
,,,,,,,,,,,,,,,,,,,,,,,,,,,,,,,,,,,,,,,,,,,,,,,,,,,,,,,,,,,,,,,,,,,,,,,,,,,,,,,,,,,,,,,,,,,,,,,,,,,,,
EBITDA,,,,,,,,,,,,,,,,,,,,,,,,,,,,,,,,,,,,,,,,,,,,,,,,,,,,,,,,,,,,,,,,,,,,,,,,,,,,,,,,,,,,,,,,,,,,,,,,,,,,,
,depreciationAndAmortization,13697000000.0,11781000000.0,9035000000.0,6915000000.0,6144000000.0,5063000000.0,4979000000.0,3939000000.0,2962000000.0,1851000000.0,1396000000.0,1524000000.0,1500000000.0,968000000.0,572000000.0,294000000.0,149000000.0,50000000.0,18000000.0,10000000.0,0.0,0.0
,EBITDA,54921000000.0,46012000000.0,36559000000.0,33093000000.0,29860000000.0,24423000000.0,21475000000.0,19342000000.0,16796000000.0,13483000000.0,11777000000.0,9836000000.0,7037000000.0,6052000000.0,4122000000.0,2311000000.0,789000000.0,392000000.0,204000000.0,21000000.0,-15000000.0,-6000000.0
,EBITDARatio,0.300892470702964,0.284275626015557,0.267207039957901,0.298525100356321,0.330778092874867,0.325687767539239,0.325373857971849,0.348385237486266,0.364821129911597,0.355705052103944,0.401657515091573,0.415880935267008,0.322857405028446,0.364710136193805,0.388684582743989,0.376445675191399,0.247412982126058,0.267394270122783,0.463636363636364,0.244186046511628,-0.789474,0.0
,,,,,,,,,,,,,,,,,,,,,,,,,,,,,,,,,,,,,,,,,,,,,,,,,,,,,,,,,,,,,,,,,,,,,,,,,,,,,,,,,,,,,,,,,,,,,,,,,,,,,
INCOME,,,,,,,,,,,,,,,,,,,,,,,,,,,,,,,,,,,,,,,,,,,,,,,,,,,,,,,,,,,,,,,,,,,,,,,,,,,,,,,,,,,,,,,,,,,,,,,,,,,,,
,operatingIncome,41224000000.0,34231000000.0,27524000000.0,26178000000.0,23716000000.0,19360000000.0,16496000000.0,15403000000.0,13834000000.0,11632000000.0,10381000000.0,8312000000.0,5537000000.0,5084000000.0,3550000000.0,2017000000.0,640000000.0,342000000.0,186000000.0,11000000.0,-15000000.0,-7000000.0
,operatingIncomeRatio,0.225851517857632,0.211489154006314,0.201170890007967,0.236146317261287,0.262717121588089,0.258171198442438,0.249935607036257,0.27743655325204,0.300484371945524,0.306872444268566,0.354046587769858,0.351443913576593,0.25403743806203,0.306375798481379,0.334747760490335,0.328555139273497,0.200689871433051,0.233287858117326,0.422727272727273,0.127906976744186,-0.789473684210526,0.0
,totalOtherIncomeExpensesNet,5128000000.0,-79000000.0,-994000000.0,250000000.0,344000000.0,256000000.0,178000000.0,248000000.0,592000000.0,65000000.0,11000000.0,2000000.0,5000000.0,-5000000.0,3000000.0,4000000.0,-5000000.0,3000000.0,0.0,0.0,0.0,0.0
,incomeBeforeTax,48082000000.0,39625000000.0,34913000000.0,27193000000.0,24150000000.0,19651000000.0,17259000000.0,15899000000.0,14469000000.0,12326000000.0,10796000000.0,8381000000.0,5854000000.0,5674000000.0,4011000000.0,2142000000.0,650000000.0,347000000.0,185000000.0,10000000.0,-15000000.0,-6000000.0
,incomeBeforeTaxRatio,0.263424041374701,0.24481486744472,0.255176547116994,0.245302422082901,0.267524813895782,0.26205176759258,0.261496037938819,0.286370431744088,0.314277025999696,0.325181374488854,0.368200266020941,0.354361337786986,0.268581391080932,0.341930818368085,0.378217821782178,0.348916761687571,0.203825650674193,0.236698499317872,0.420454545454545,0.116279069767442,-0.789473684210526,0.0
,incomeTaxExpense,7813000000.0,5282000000.0,4177000000.0,4707000000.0,4672000000.0,3303000000.0,3639000000.0,2739000000.0,2916000000.0,2589000000.0,2291000000.0,1861000000.0,1627000000.0,1470000000.0,934000000.0,676000000.0,251000000.0,241000000.0,85000000.0,3000000.0,0.0,0.0
,netIncome,40269000000.0,34343000000.0,30736000000.0,12662000000.0,19478000000.0,16348000000.0,14136000000.0,12733000000.0,10737000000.0,9737000000.0,8505000000.0,6520000000.0,4227000000.0,4204000000.0,3077000000.0,1465000000.0,399000000.0,106000000.0,100000000.0,7000000.0,-15000000.0,-6000000.0
,netIncomeRatio,0.220619415209805,0.212181122843003,0.224647161578436,0.114221280050516,0.215770116979794,0.218005307445092,0.214178573051923,0.229344908950089,0.23321531744825,0.256879039704524,0.290065141025204,0.275675447126971,0.19393466691136,0.253344582379173,0.29014615747289,0.238638214692947,0.125117591721543,0.0723055934515689,0.227272727272727,0.0813953488372093,-0.789473684210526,0.0
,,,,,,,,,,,,,,,,,,,,,,,,,,,,,,,,,,,,,,,,,,,,,,,,,,,,,,,,,,,,,,,,,,,,,,,,,,,,,,,,,,,,,,,,,,,,,,,,,,,,,
EPS,,,,,,,,,,,,,,,,,,,,,,,,,,,,,,,,,,,,,,,,,,,,,,,,,,,,,,,,,,,,,,,,,,,,,,,,,,,,,,,,,,,,,,,,,,,,,,,,,,,,,
,EPS,57.6460584405545,49.16284,43.70348,17.99643,27.87725,23.59257,20.57642,17.2768,16.14586,14.88838,13.14529,10.20344,6.65669,6.6519,4.97092,2.50856,0.73077,0.20663,0.22676,0.01872,-0.11194,-0.07059
,EPSDiluted,57.6460584405545,49.16284,43.70348,17.99643,27.87725,23.59257,20.57642,17.2768,16.14586,14.88838,13.14529,10.20344,6.65669,6.6519,4.97092,2.50856,0.73077,0.20663,0.22676,0.01872,-0.11194,-0.07059
,weightedAverageShsOut,698556000.0,698556000.0,703285000.0,703584000.0,698706000.0,692930000.0,687000000.0,737000000.0,665000000.0,654000000.0,647000000.0,639000000.0,635000000.0,632000000.0,619000000.0,584000000.0,546000000.0,513000000.0,441000000.0,374000000.0,134000000.0,85000000.0
,weightedAverageShsOutDil,698556000.0,698556000.0,703285000.0,703584000.0,698706000.0,692930000.0,687000000.0,737000000.0,665000000.0,654000000.0,647000000.0,639000000.0,635000000.0,632000000.0,619000000.0,584000000.0,546000000.0,513000000.0,441000000.0,374000000.0,134000000.0,85000000.0
