date,,2020-12-31_FY,2019-12-31_FY,2018-12-31_FY,2017-12-31_FY,2016-12-31_FY,2015-12-31_FY,2014-12-31_FY,2013-12-31_FY,2012-12-31_FY,2011-12-31_FY,2010-12-31_FY,2009-12-31_FY,2008-12-31_FY,2007-11-30_FY,2006-11-30_FY,2005-11-30_FY
,revenue,1923719000.0,2417238000.0,3843353000.0,3596166000.0,3410881000.0,2965589000.0,3235611000.0,3041011000.0,3476870000.0,3553712000.0,2132968000.0,1304174000.0,188800000.0,24202391.0,0.0,0.0
,costOfRevenue,1812163000.0,2384947000.0,3627633000.0,3301587000.0,3096079000.0,2729599000.0,2860813000.0,2867991000.0,3380099000.0,3381480000.0,1981396000.0,1221745000.0,175400000.0,23042844.0,0.0,0.0
,grossProfit,111556000.0,32291000.0,215720000.0,294579000.0,314802000.0,235990000.0,374798000.0,173020000.0,96771000.0,172232000.0,151572000.0,82429000.0,13300000.0,1159547.0,0.0,0.0
,grossProfitRatio,0.0579897583794723,0.0133586349378919,0.0561280735857466,0.0819147391972451,0.0922934573208505,0.0795760976993103,0.115835309003462,0.0568955521699856,0.0278327921377561,0.0484653792991666,0.0710615442894596,0.0632039896516876,0.0704449152542373,0.0479104316594175,0.0,0.0
,,,,,,,,,,,,,,,,,,,,,,,,,,,,,,,,,,,,,,,,,,,,,,,,,,,,,,,,,,,,,,,,,,,,,,,,,,,,,,,,,,,,,,,,,,,,,,,,,,,,,
COST And EXPENSES,,,,,,,,,,,,,,,,,,,,,,,,,,,,,,,,,,,,,,,,,,,,,,,,,,,,,,,,,,,,,,,,,,,,,,,,,,,,,,,,,,,,,,,,,,,,,,,,,,,,,
,ResearchAndDevelopmentExpenses,0.0,0.0,0.0,0.0,0.0,0.0,0.0,0.0,0.0,0.0,0.0,0.0,0.0,0.0,0.0,0.0
,GeneralAndAdministrativeExpenses,84932000.0,77077000.0,115878000.0,112024000.0,104677000.0,79594000.0,88524000.0,65169000.0,79019000.0,73219000.0,60467000.0,44923000.0,18500000.0,8943202.0,2150986.0,729546.0
,SellingAndMarketingExpenses,0.0,0.0,0.0,0.0,0.0,0.0,0.0,0.0,0.0,0.0,0.0,0.0,0.0,0.0,0.0,0.0
,otherExpenses,900000.0,5495000.0,2195000.0,3666000.0,-3027000.0,-457000.0,3429000.0,-2507000.0,-2399000.0,0.0,0.0,0.0,18467000.0,0.0,0.0,0.0
,operatingExpenses,189301000.0,174861000.0,250341000.0,252833000.0,223114000.0,174913000.0,88524000.0,65169000.0,79019000.0,73219000.0,60467000.0,44923000.0,18500000.0,8943202.0,2150986.0,729546.0
,costAndExpenses,2001464000.0,2559808000.0,3877974000.0,3554420000.0,3319193000.0,2904512000.0,2949337000.0,2933160000.0,3459118000.0,3454699000.0,2041863000.0,1266668000.0,193900000.0,31986046.0,2150986.0,729546.0
,interestExpense,39993000.0,40200000.0,101025000.0,90160000.0,51851000.0,40366000.0,39908000.0,33357000.0,37521000.0,36645000.0,24668000.0,18049000.0,-3800000.0,0.0,0.0,0.0
,,,,,,,,,,,,,,,,,,,,,,,,,,,,,,,,,,,,,,,,,,,,,,,,,,,,,,,,,,,,,,,,,,,,,,,,,,,,,,,,,,,,,,,,,,,,,,,,,,,,,
EBITDA,,,,,,,,,,,,,,,,,,,,,,,,,,,,,,,,,,,,,,,,,,,,,,,,,,,,,,,,,,,,,,,,,,,,,,,,,,,,,,,,,,,,,,,,,,,,,,,,,,,,,
,depreciationAndAmortization,78244000.0,72127000.0,103619000.0,107361000.0,84226000.0,65950000.0,60362000.0,51002000.0,52828000.0,50076000.0,38810000.0,29413000.0,4700000.0,1028101.0,13201.0,1693.0
,EBITDA,499000.0,-70443000.0,68998000.0,149107000.0,175914000.0,127027000.0,346636000.0,158853000.0,70580000.0,149089000.0,129915000.0,66919000.0,-500000.0,-6755554.0,-2137785.0,-727853.0
,EBITDARatio,0.0002593933937337,-0.0291419380300988,0.0179525534084431,0.0414627689600536,0.0515743586481029,0.0428336495718051,0.10713154331593,0.052236904108535,0.0202998674094804,0.0419530338980762,0.0609080867598576,0.0513114047665419,-0.00264830508474576,-0.279127545704059,0.0,0.0
,,,,,,,,,,,,,,,,,,,,,,,,,,,,,,,,,,,,,,,,,,,,,,,,,,,,,,,,,,,,,,,,,,,,,,,,,,,,,,,,,,,,,,,,,,,,,,,,,,,,,
INCOME,,,,,,,,,,,,,,,,,,,,,,,,,,,,,,,,,,,,,,,,,,,,,,,,,,,,,,,,,,,,,,,,,,,,,,,,,,,,,,,,,,,,,,,,,,,,,,,,,,,,,
,operatingIncome,-77745000.0,-142570000.0,-34621000.0,41746000.0,91688000.0,61077000.0,286274000.0,107851000.0,17752000.0,99013000.0,91105000.0,37506000.0,-5200000.0,-7783655.0,-2150986.0,-729546.0
,operatingIncomeRatio,-0.0404139066048628,-0.0589805389456893,-0.00900801982019346,0.011608474136066,0.0268810316161719,0.0205952342013678,0.0884760250845976,0.0354655080169062,0.00510574165844567,0.0278618526205838,0.0427127833141425,0.0287584325404432,-0.0275423728813559,-0.321606861074181,0.0,0.0
,totalOtherIncomeExpensesNet,-44051000.0,5495000.0,152546000.0,3666000.0,-3027000.0,-457000.0,3429000.0,-2507000.0,44734000.0,-779000.0,-699000.0,563000.0,900000.0,395033.0,1603117.0,0.0
,incomeBeforeTax,-161130000.0,-172942000.0,20008000.0,-43151000.0,38351000.0,21465000.0,250430000.0,72281000.0,25156000.0,61899000.0,66051000.0,20245000.0,-8000000.0,-7432961.0,1244120.0,-397754.0
,incomeBeforeTaxRatio,-0.0837596343332888,-0.0715452926025489,0.00520587101939374,-0.0119991680028119,0.0112437226628546,0.00723802253110596,0.077398055575902,0.0237687400670369,0.00723524319287175,0.0174181250478373,0.0309667092989674,0.0155232353965038,-0.0423728813559322,-0.307116805112354,0.0,0.0
,incomeTaxExpense,-50383000.0,-21316000.0,-16726000.0,-124782000.0,7860000.0,6237000.0,90926000.0,28890000.0,13393000.0,23686000.0,17889000.0,91000.0,0.0,-294489.0,326000.0,0.0
,netIncome,-108775000.0,-166860000.0,15923000.0,61061000.0,10663000.0,7064000.0,159504000.0,43391000.0,11779000.0,38418000.0,48012000.0,19790000.0,-6900000.0,-7138472.0,918120.0,-397754.0
,netIncomeRatio,-0.0565441210488642,-0.0690291977868956,0.00414299701328501,0.0169794720265972,0.00312617180136158,0.00238198887303669,0.0492964080045469,0.0142686100116047,0.00338781720340421,0.0108106678312705,0.0225094797484069,0.0151743555691188,-0.0365466101694915,-0.294949040365475,0.0,0.0
,,,,,,,,,,,,,,,,,,,,,,,,,,,,,,,,,,,,,,,,,,,,,,,,,,,,,,,,,,,,,,,,,,,,,,,,,,,,,,,,,,,,,,,,,,,,,,,,,,,,,
EPS,,,,,,,,,,,,,,,,,,,,,,,,,,,,,,,,,,,,,,,,,,,,,,,,,,,,,,,,,,,,,,,,,,,,,,,,,,,,,,,,,,,,,,,,,,,,,,,,,,,,,
,EPS,-2.8541628401249,-4.38,0.394915674603175,1.56,0.278276528002505,0.19,4.37,1.44,0.388797200950621,1.09,1.55,0.794938742719422,-0.55645,-1.18,0.188218874450639,-0.42
,EPSDiluted,-2.8541628401249,-4.38,0.385974693363068,1.47,0.276436885904648,0.18,3.96,1.26,0.386665791287792,1.01,1.51,0.789421197494914,-0.55645,-1.18,0.187197793067451,-0.42
,weightedAverageShsOut,34631000.0,38111000.0,40320000.0,39247000.0,38318000.0,37947000.0,36467000.0,30183000.0,30296000.0,35276000.0,31032000.0,24895000.0,12400000.0,6074182.0,4877938.0,945517.0
,weightedAverageShsOutDil,34631000.0,38111000.0,41254000.0,50240000.0,38573000.0,39028000.0,40730000.0,38304000.0,30463000.0,41808000.0,32347000.0,25069000.0,12400000.0,6074182.0,4904545.0,945517.0
