date,,2020-12-31_FY,2019-12-31_FY,2018-12-31_FY,2017-12-31_FY,2016-12-31_FY,2015-12-31_FY,2014-12-31_FY,2013-12-31_FY,2012-12-31_FY,2011-12-31_FY,2010-12-31_FY,2009-12-31_FY,2008-12-31_FY,2007-12-31_FY,2006-12-31_FY,2005-12-31_FY,2004-12-31_FY,2003-12-31_FY,2002-12-31_FY,2001-12-31_FY
,revenue,128487000.0,131718000.0,130113000.0,112660000.0,96861000.0,90490000.0,90064000.0,82711000.0,76318000.0,72827000.0,67941000.0,64279000.0,86055000.0,98398000.0,136671000.0,127147000.0,84368000.0,60200000.0,24639000.0,6404000.0
,costOfRevenue,48681000.0,53635000.0,52089000.0,47809000.0,41815000.0,42429000.0,66209000.0,49627000.0,37905000.0,49999000.0,55216000.0,46998000.0,55458000.0,41638000.0,68487000.0,64174000.0,48607000.0,42076000.0,0.0,0.0
,grossProfit,79806000.0,78083000.0,78024000.0,64851000.0,55046000.0,48061000.0,23855000.0,33084000.0,38413000.0,22828000.0,12725000.0,17281000.0,30597000.0,56760000.0,68184000.0,62973000.0,35761000.0,18124000.0,0.0,0.0
,grossProfitRatio,0.621121202923253,0.592804324389985,0.599663369532637,0.575634652938044,0.568298902551078,0.531119460713891,0.264867205542725,0.399995163883885,0.503328179459629,0.313455174591841,0.187294858774525,0.268843634779633,0.355551682063796,0.576840992703104,0.498891498562241,0.495277120183724,0.423869239522094,0.301063122923588,0.0,0.0
,,,,,,,,,,,,,,,,,,,,,,,,,,,,,,,,,,,,,,,,,,,,,,,,,,,,,,,,,,,,,,,,,,,,,,,,,,,,,,,,,,,,,,,,,,,,,,,,,,,,,
COST And EXPENSES,,,,,,,,,,,,,,,,,,,,,,,,,,,,,,,,,,,,,,,,,,,,,,,,,,,,,,,,,,,,,,,,,,,,,,,,,,,,,,,,,,,,,,,,,,,,,,,,,,,,,
,ResearchAndDevelopmentExpenses,0.0,0.0,0.0,0.0,0.0,0.0,0.0,0.0,0.0,0.0,0.0,0.0,0.0,0.0,0.0,0.0,0.0,0.0,0.0,0.0
,GeneralAndAdministrativeExpenses,41738000.0,45233000.0,55443000.0,39099000.0,40982000.0,37418000.0,33520000.0,29888000.0,34339000.0,42436000.0,41827000.0,49210000.0,61351000.0,49146000.0,43899000.0,0.0,0.0,0.0,0.0,0.0
,SellingAndMarketingExpenses,0.0,0.0,0.0,0.0,0.0,0.0,0.0,0.0,0.0,0.0,0.0,0.0,0.0,0.0,0.0,0.0,0.0,0.0,0.0,0.0
,otherExpenses,-3555000.0,-2814000.0,-3299000.0,-2873000.0,-430000.0,3229000.0,3038000.0,-2962000.0,-2280000.0,0.0,0.0,0.0,0.0,0.0,0.0,0.0,0.0,0.0,0.0,0.0
,operatingExpenses,138553000.0,141005000.0,145881000.0,116597000.0,118372000.0,114665000.0,119666000.0,120480000.0,104140000.0,92485000.0,72494000.0,71072000.0,88307000.0,81392000.0,52521000.0,0.0,0.0,0.0,0.0,0.0
,costAndExpenses,187234000.0,194640000.0,197970000.0,164406000.0,160187000.0,157094000.0,185875000.0,170107000.0,142045000.0,142484000.0,127710000.0,118070000.0,143765000.0,123030000.0,121008000.0,105163000.0,163589000.0,325363000.0,70008000.0,0.0
,interestExpense,48429000.0,62464000.0,43612000.0,34771000.0,35952000.0,35854000.0,43233000.0,67828000.0,21486000.0,4824000.0,5021000.0,6730000.0,6779000.0,9023000.0,587000.0,269000.0,1382000.0,1644000.0,46523000.0,381170000.0
,,,,,,,,,,,,,,,,,,,,,,,,,,,,,,,,,,,,,,,,,,,,,,,,,,,,,,,,,,,,,,,,,,,,,,,,,,,,,,,,,,,,,,,,,,,,,,,,,,,,,
EBITDA,,,,,,,,,,,,,,,,,,,,,,,,,,,,,,,,,,,,,,,,,,,,,,,,,,,,,,,,,,,,,,,,,,,,,,,,,,,,,,,,,,,,,,,,,,,,,,,,,,,,,
,depreciationAndAmortization,96815000.0,95772000.0,90438000.0,77498000.0,77390000.0,77247000.0,86146000.0,90592000.0,69801000.0,53722000.0,0.0,21862000.0,26956000.0,13137000.0,6679000.0,3044000.0,1959000.0,31598000.0,30904000.0,0.0
,EBITDA,38068000.0,32850000.0,22581000.0,25752000.0,14064000.0,10643000.0,-9665000.0,3196000.0,4074000.0,-15935000.0,-61902000.0,-31929000.0,-30754000.0,-11495000.0,22342000.0,25028000.0,-77262000.0,-233565000.0,-14465000.0,6404000.0
,EBITDARatio,0.296279000988427,0.249396437844486,0.173549145742547,0.228581572874135,0.145197757611423,0.117615206100122,-0.107312577722508,0.0386405677600319,0.0533819020414581,-0.21880621198182,-0.911114054841701,-0.496725213522301,-0.357376096682354,-0.116821480111384,0.163472865494509,0.196843024216065,-0.915773753081737,-3.87981727574751,-0.587077397621657,1.0
,,,,,,,,,,,,,,,,,,,,,,,,,,,,,,,,,,,,,,,,,,,,,,,,,,,,,,,,,,,,,,,,,,,,,,,,,,,,,,,,,,,,,,,,,,,,,,,,,,,,,
INCOME,,,,,,,,,,,,,,,,,,,,,,,,,,,,,,,,,,,,,,,,,,,,,,,,,,,,,,,,,,,,,,,,,,,,,,,,,,,,,,,,,,,,,,,,,,,,,,,,,,,,,
,operatingIncome,-58747000.0,-62922000.0,-67857000.0,-51746000.0,-63326000.0,-66604000.0,-95811000.0,-87396000.0,-65727000.0,-69657000.0,-59769000.0,-53791000.0,-57710000.0,-24632000.0,15663000.0,21984000.0,-79221000.0,-265163000.0,-45369000.0,6404000.0
,operatingIncomeRatio,-0.457221353133002,-0.477702364141575,-0.521523598718037,-0.459311201846263,-0.653782224011728,-0.736037131174715,-1.06381017942796,-1.05664300999867,-0.861225398988443,-0.956472187512873,-0.879719168101735,-0.836836291790476,-0.670617628260996,-0.250330291266083,0.114603683297847,0.17290223127561,-0.938993457234971,-4.40470099667774,-1.84134908072568,1.0
,totalOtherIncomeExpensesNet,-1801000.0,141255000.0,105078000.0,-2367000.0,-39911000.0,176172000.0,-322941000.0,-434754000.0,-24572000.0,19433000.0,-2730000.0,-14920000.0,-7756000.0,-13685000.0,-8639000.0,-736000.0,-5078000.0,529000.0,-7694000.0,0.0
,incomeBeforeTax,-108977000.0,15869000.0,-6391000.0,-88884000.0,-139189000.0,73714000.0,-461985000.0,-589978000.0,-111785000.0,-55033000.0,-97071000.0,-74939000.0,-67532000.0,-25061000.0,9552000.0,21221000.0,-3944000.0,-266264000.0,-149893000.0,-575584000.0
,incomeBeforeTaxRatio,-0.84815584456015,0.120477079822044,-0.0491188428519825,-0.788957926504527,-1.43699734671333,0.814609349099348,-5.12951900870492,-7.13300528345686,-1.46472653895542,-0.755667540884562,-1.42875436040094,-1.16583954324118,-0.784753936436,-0.254690135978374,0.0698904668876353,0.166901303215963,-0.0467475820216196,-4.42299003322259,-6.08356670319412,-89.8788257339163
,incomeTaxExpense,662000.0,545000.0,125000.0,190000.0,-6543000.0,1392000.0,881000.0,1138000.0,413000.0,-109000.0,396000.0,-16000.0,480000.0,2864000.0,-14071000.0,2502000.0,-4314000.0,133000.0,66000.0,-73000.0
,netIncome,-109639000.0,15324000.0,-6516000.0,-89074000.0,-132646000.0,72322000.0,-462866000.0,-591116000.0,-112198000.0,-54924000.0,-97467000.0,-74923000.0,-68012000.0,-27925000.0,23623000.0,18719000.0,370000.0,-266397000.0,-149959000.0,-575511000.0
,netIncomeRatio,-0.85330811677446,0.116339452466633,-0.0500795462405755,-0.790644416829398,-1.36944693942867,0.799226433860095,-5.13930094155267,-7.14676403380445,-1.47013810634451,-0.754170843231219,-1.43458294696869,-1.16559062835452,-0.790331764569171,-0.283796418626395,0.172845739037543,0.14722329272417,0.00438554902332638,-4.42519933554817,-6.08624538333536,-89.8674266083698
,,,,,,,,,,,,,,,,,,,,,,,,,,,,,,,,,,,,,,,,,,,,,,,,,,,,,,,,,,,,,,,,,,,,,,,,,,,,,,,,,,,,,,,,,,,,,,,,,,,,,
EPS,,,,,,,,,,,,,,,,,,,,,,,,,,,,,,,,,,,,,,,,,,,,,,,,,,,,,,,,,,,,,,,,,,,,,,,,,,,,,,,,,,,,,,,,,,,,,,,,,,,,,
,EPS,-0.07,0.01,-0.01,-0.08,-0.12,0.0708935655477778,-0.5,-0.96,-0.29,-0.18,-0.34,-0.52,-0.79,-0.36,0.37079089432494,0.3,0.01,-4.278293,-2.408317,-9.242613
,EPSDiluted,-0.07,-0.07,-0.01,-0.08,-0.12,0.0587795454139081,-0.5,-0.96,-0.29,-0.18,-0.34,-0.52,-0.79,-0.36,0.368670530338403,0.3,0.01,-4.278293,-2.408317,-9.242613
,weightedAverageShsOut,1642359000.0,1450768000.0,1269548000.0,1166581000.0,1064443000.0,1020149000.0,934356000.0,614959000.0,388453000.0,299144000.0,285316000.0,145430000.0,86405000.0,77169138.0,63709763.0,61855668.0,60463917.0,62267130.0,62267130.0,62267130.0
,weightedAverageShsOutDil,1642359000.0,1655191000.0,1269548000.0,1166581000.0,1064443000.0,1230394000.0,934356000.0,614959000.0,388453000.0,299144000.0,285316000.0,145430000.0,86405000.0,77169138.0,64076182.0,61955874.0,60463917.0,62596842.0,62596842.0,62596842.0
