date,,2020-12-31_FY,2019-12-31_FY,2018-12-31_FY,2017-12-31_FY,2016-12-31_FY,2015-12-31_FY,2014-12-31_FY,2013-12-31_FY,2012-12-31_FY,2011-12-31_FY,2010-12-31_FY,2009-12-31_FY,2008-12-31_FY,2007-12-31_FY,2006-12-31_FY,2005-12-31_FY,2004-12-31_FY,2003-12-31_FY,2002-12-31_FY,2001-12-31_FY,2000-12-31_FY,1999-12-31_FY,1998-12-31_FY,1997-12-31_FY,1996-12-31_FY
,revenue,272481000.0,264737000.0,273017000.0,315497000.0,221290000.0,255187000.0,328900000.0,467800000.0,550500000.0,471000000.0,433100000.0,400900000.0,258200000.0,177800000.0,128700000.0,95400000.0,65000000.0,64400000.0,38800000.0,24700000.0,31200000.0,11300000.0,600000.0,1700000.0,2800000.0
,costOfRevenue,148149000.0,215026000.0,242810000.0,249042000.0,193847000.0,282833000.0,331100000.0,437100000.0,497600000.0,420200000.0,388400000.0,363000000.0,299700000.0,189900000.0,115000000.0,96300000.0,47800000.0,37700000.0,29200000.0,28200000.0,29000000.0,8900000.0,200000.0,1800000.0,5300000.0
,grossProfit,124332000.0,49711000.0,30207000.0,66455000.0,27443000.0,-27646000.0,-2200000.0,30700000.0,52900000.0,50900000.0,44300000.0,37700000.0,-42300000.0,-14300000.0,11600000.0,-2500000.0,15900000.0,25800000.0,8900000.0,-4400000.0,1400000.0,1600000.0,-200000.0,-1300000.0,-3600000.0
,grossProfitRatio,0.456296035319894,0.187775037112304,0.110641461886989,0.210635917298738,0.124013737629355,-0.108336239698731,-0.00668896321070234,0.0656263360410432,0.096094459582198,0.108067940552017,0.10228584622489,0.0940384135694687,-0.163826491092177,-0.0804274465691789,0.0901320901320901,-0.0262054507337526,0.244615384615385,0.400621118012422,0.229381443298969,-0.178137651821862,0.0448717948717949,0.141592920353982,-0.333333333333333,-0.764705882352941,-1.28571428571429
,,,,,,,,,,,,,,,,,,,,,,,,,,,,,,,,,,,,,,,,,,,,,,,,,,,,,,,,,,,,,,,,,,,,,,,,,,,,,,,,,,,,,,,,,,,,,,,,,,,,,
COST And EXPENSES,,,,,,,,,,,,,,,,,,,,,,,,,,,,,,,,,,,,,,,,,,,,,,,,,,,,,,,,,,,,,,,,,,,,,,,,,,,,,,,,,,,,,,,,,,,,,,,,,,,,,
,ResearchAndDevelopmentExpenses,0.0,3195000.0,2959000.0,1871000.0,1818000.0,1307000.0,600000.0,1700000.0,3500000.0,5100000.0,1900000.0,800000.0,2000000.0,2000000.0,1500000.0,1000000.0,900000.0,600000.0,500000.0,200000.0,900000.0,500000.0,400000.0,800000.0,400000.0
,GeneralAndAdministrativeExpenses,22120000.0,26312000.0,16428000.0,25090000.0,25754000.0,14281000.0,16367000.0,21515000.0,23674000.0,0.0,0.0,0.0,0.0,0.0,0.0,0.0,0.0,0.0,0.0,2700000.0,2900000.0,3700000.0,7700000.0,8900000.0,9100000.0
,SellingAndMarketingExpenses,0.0,0.0,0.0,0.0,0.0,0.0,0.0,0.0,0.0,0.0,0.0,0.0,0.0,0.0,0.0,0.0,0.0,0.0,0.0,0.0,0.0,0.0,0.0,0.0,0.0
,otherExpenses,-1926000.0,10394000.0,1838000.0,-1656000.0,-909000.0,-6417000.0,600000.0,-300000.0,0.0,0.0,0.0,0.0,0.0,0.0,0.0,0.0,0.0,0.0,0.0,0.0,0.0,0.0,0.0,0.0,0.0
,operatingExpenses,24957000.0,30058000.0,16998000.0,23261000.0,28742000.0,11697000.0,18669000.0,30792000.0,37041000.0,30515000.0,17065000.0,14990000.0,17175000.0,15822000.0,33795000.0,26565000.0,22337000.0,11731000.0,6830000.0,6293000.0,11140000.0,27700000.0,24800000.0,33400000.0,21200000.0
,costAndExpenses,173106000.0,315272000.0,284738000.0,287482000.0,263053000.0,333597000.0,412600000.0,778600000.0,543900000.0,462500000.0,432100000.0,401800000.0,398800000.0,222700000.0,138300000.0,122600000.0,62700000.0,41700000.0,33300000.0,46900000.0,50000000.0,36600000.0,25000000.0,35200000.0,26500000.0
,interestExpense,12645000.0,0.0,0.0,0.0,0.0,0.0,0.0,0.0,10163000.0,8891000.0,0.0,0.0,5400000.0,12400000.0,81100000.0,1000000.0,0.0,1900000.0,0.0,0.0,0.0,0.0,0.0,0.0,0.0
,,,,,,,,,,,,,,,,,,,,,,,,,,,,,,,,,,,,,,,,,,,,,,,,,,,,,,,,,,,,,,,,,,,,,,,,,,,,,,,,,,,,,,,,,,,,,,,,,,,,,
EBITDA,,,,,,,,,,,,,,,,,,,,,,,,,,,,,,,,,,,,,,,,,,,,,,,,,,,,,,,,,,,,,,,,,,,,,,,,,,,,,,,,,,,,,,,,,,,,,,,,,,,,,
,depreciationAndAmortization,24241000.0,29608000.0,33975000.0,31823000.0,21173000.0,37372000.0,26300000.0,60000000.0,98900000.0,71500000.0,100800000.0,114000000.0,61400000.0,36200000.0,21500000.0,16000000.0,8100000.0,5000000.0,2500000.0,3400000.0,7300000.0,3000000.0,200000.0,800000.0,1200000.0
,EBITDA,123616000.0,-20927000.0,22254000.0,59838000.0,-20590000.0,-41038000.0,-57400000.0,-250800000.0,105500000.0,80000000.0,101700000.0,113100000.0,-79300000.0,-8700000.0,11900000.0,-11200000.0,10500000.0,27600000.0,8000000.0,-18900000.0,-11600000.0,-22400000.0,-24200000.0,-32700000.0,-22500000.0
,EBITDARatio,0.453668329167905,-0.0790482629930837,0.0815114077145379,0.189662659232893,-0.0930453251389579,-0.160815402038505,-0.17452113104287,-0.53612654980761,0.191643960036331,0.169851380042463,0.234818748556915,0.282115240708406,-0.307126258714175,-0.0489313835770529,0.0924630924630925,-0.117400419287212,0.161538461538462,0.428571428571429,0.206185567010309,-0.765182186234818,-0.371794871794872,-1.98230088495575,-40.3333333333333,-19.2352941176471,-8.03571428571429
,,,,,,,,,,,,,,,,,,,,,,,,,,,,,,,,,,,,,,,,,,,,,,,,,,,,,,,,,,,,,,,,,,,,,,,,,,,,,,,,,,,,,,,,,,,,,,,,,,,,,
INCOME,,,,,,,,,,,,,,,,,,,,,,,,,,,,,,,,,,,,,,,,,,,,,,,,,,,,,,,,,,,,,,,,,,,,,,,,,,,,,,,,,,,,,,,,,,,,,,,,,,,,,
,operatingIncome,99375000.0,-50535000.0,-11721000.0,28015000.0,-41763000.0,-78410000.0,-83700000.0,-310800000.0,6600000.0,8500000.0,900000.0,-900000.0,-140700000.0,-44900000.0,-9600000.0,-27200000.0,2400000.0,22600000.0,5500000.0,-22300000.0,-18900000.0,-25400000.0,-24400000.0,-33500000.0,-23700000.0
,operatingIncomeRatio,0.364704328008191,-0.190887560106823,-0.042931392550647,0.0887964069388932,-0.188725202223327,-0.307264868508192,-0.254484645788994,-0.664386489952971,0.0119891008174387,0.0180467091295117,0.00207804202262757,-0.00224494886505363,-0.544926413632843,-0.252530933633296,-0.0745920745920746,-0.285115303983228,0.0369230769230769,0.350931677018634,0.141752577319588,-0.902834008097166,-0.605769230769231,-2.24778761061947,-40.6666666666667,-19.7058823529412,-8.46428571428571
,totalOtherIncomeExpensesNet,-1114000.0,0.0,0.0,0.0,0.0,0.0,-1100000.0,-800000.0,0.0,0.0,0.0,0.0,0.0,0.0,0.0,0.0,0.0,0.0,200000.0,600000.0,500000.0,400000.0,1000000.0,1400000.0,600000.0
,incomeBeforeTax,86419000.0,-50535000.0,-11721000.0,28015000.0,-41763000.0,-78410000.0,-83700000.0,-310800000.0,6600000.0,8500000.0,900000.0,-900000.0,-135200000.0,-32500000.0,71500000.0,-26200000.0,2400000.0,24500000.0,5700000.0,-21700000.0,-18400000.0,-25000000.0,-23500000.0,-32200000.0,-15400000.0
,incomeBeforeTaxRatio,0.317156058587571,-0.190887560106823,-0.042931392550647,0.0887964069388932,-0.188725202223327,-0.307264868508192,-0.254484645788994,-0.664386489952971,0.0119891008174387,0.0180467091295117,0.00207804202262757,-0.00224494886505363,-0.523625096824167,-0.182789651293588,0.555555555555556,-0.274633123689727,0.0369230769230769,0.380434782608696,0.146907216494845,-0.878542510121457,-0.58974358974359,-2.21238938053097,-39.1666666666667,-18.9411764705882,-5.5
,incomeTaxExpense,48266000.0,27439000.0,12350000.0,-12944000.0,0.0,0.0,-300000.0,-12300000.0,16800000.0,11000000.0,7900000.0,-17400000.0,-9000000.0,5200000.0,6000000.0,-12900000.0,-1500000.0,0.0,0.0,0.0,0.0,0.0,0.0,0.0,0.0
,netIncome,-52140000.0,-67434000.0,-18123000.0,38771000.0,-39647000.0,-67681000.0,-73100000.0,-265900000.0,-9500000.0,-2100000.0,-8300000.0,16500000.0,-120100000.0,-36400000.0,64700000.0,-13500000.0,2600000.0,22000000.0,4900000.0,-20600000.0,-14900000.0,-24400000.0,-22200000.0,-26600000.0,-7800000.0
,netIncomeRatio,-0.191352791570788,-0.254720722830583,-0.0663804818014995,0.122888648703474,-0.179163089159022,-0.265221190734638,-0.222256004864701,-0.568405301410859,-0.0172570390554042,-0.00445859872611465,-0.0191641653197876,0.0411573958593165,-0.465143299767622,-0.204724409448819,0.502719502719503,-0.141509433962264,0.04,0.341614906832298,0.126288659793814,-0.834008097165992,-0.477564102564103,-2.15929203539823,-37.0,-15.6470588235294,-2.78571428571429
,,,,,,,,,,,,,,,,,,,,,,,,,,,,,,,,,,,,,,,,,,,,,,,,,,,,,,,,,,,,,,,,,,,,,,,,,,,,,,,,,,,,,,,,,,,,,,,,,,,,,
EPS,,,,,,,,,,,,,,,,,,,,,,,,,,,,,,,,,,,,,,,,,,,,,,,,,,,,,,,,,,,,,,,,,,,,,,,,,,,,,,,,,,,,,,,,,,,,,,,,,,,,,
,EPS,-0.47,-0.61866,-0.21498,0.43958,-0.67404,-1.30306,-1.40848,-5.1332,-0.1834,-0.04062,-0.16085,0.34591,-2.54989,-0.79476,1.54415,-0.47038,0.09059,0.9322,0.32026,-2.45238,-1.98667,-3.75385,-3.7,-4.58621,-1.56
,EPSDiluted,-0.47,-0.61866,-0.21498,0.43958,-0.67404,-1.30306,-1.40848,-5.1332,-0.1834,-0.04062,-0.16085,0.34591,-2.54989,-0.79476,1.54415,-0.47038,0.09059,0.9322,0.32026,-2.45238,-1.98667,-3.75385,-3.7,-4.58621,-1.56
,weightedAverageShsOut,110300000.0,109000000.0,84300000.0,88200000.0,58820000.0,51940000.0,51900000.0,51800000.0,51800000.0,51700000.0,51600000.0,47700000.0,47100000.0,45800000.0,41900000.0,28700000.0,28700000.0,23600000.0,15300000.0,8400000.0,7500000.0,6500000.0,6000000.0,5800000.0,5000000.0
,weightedAverageShsOutDil,124800000.0,109000000.0,84300000.0,88200000.0,58820000.0,51940000.0,51900000.0,51800000.0,51800000.0,51700000.0,51600000.0,47700000.0,47100000.0,45800000.0,41900000.0,28700000.0,28700000.0,23600000.0,15300000.0,8400000.0,7500000.0,6500000.0,6000000.0,5800000.0,5000000.0
