date,,2020-12-31_FY,2019-12-31_FY,2018-12-31_FY,2017-12-31_FY,2016-12-31_FY,2015-12-31_FY,2014-12-31_FY,2013-12-31_FY,2012-12-31_FY,2011-12-31_FY,2010-12-31_FY,2009-12-31_FY,2008-12-31_FY,2007-12-31_FY,2006-12-31_FY,2005-12-31_FY
,revenue,237838000.0,570983000.0,613431000.0,421734000.0,289269000.0,276011000.0,559398000.0,720500000.0,583100000.0,596200000.0,373300000.0,262600000.0,112800000.0,31900000.0,11700000.0,1100000.0
,costOfRevenue,164233000.0,203604000.0,174702000.0,134976000.0,118701000.0,115769000.0,113949000.0,149100000.0,124900000.0,86500000.0,59400000.0,40800000.0,19200000.0,10500000.0,4200000.0,400000.0
,grossProfit,73605000.0,367379000.0,438729000.0,286758000.0,170568000.0,160242000.0,445449000.0,571400000.0,458200000.0,509700000.0,313800000.0,221800000.0,93600000.0,21400000.0,7500000.0,700000.0
,grossProfitRatio,0.309475357175893,0.643414952809453,0.715205133095654,0.679949921040277,0.589651846551134,0.580563818108699,0.796300666073172,0.793060374739764,0.785800034299434,0.854914458235491,0.840610768818644,0.844630616907845,0.829787234042553,0.670846394984326,0.641025641025641,0.636363636363636
,,,,,,,,,,,,,,,,,,,,,,,,,,,,,,,,,,,,,,,,,,,,,,,,,,,,,,,,,,,,,,,,,,,,,,,,,,,,,,,,,,,,,,,,,,,,,,,,,,,,,
COST And EXPENSES,,,,,,,,,,,,,,,,,,,,,,,,,,,,,,,,,,,,,,,,,,,,,,,,,,,,,,,,,,,,,,,,,,,,,,,,,,,,,,,,,,,,,,,,,,,,,,,,,,,,,
,ResearchAndDevelopmentExpenses,0.0,0.0,0.0,0.0,0.0,0.0,0.0,0.0,0.0,0.0,0.0,0.0,0.0,0.0,0.0,0.0
,GeneralAndAdministrativeExpenses,23722000.0,34730000.0,39483000.0,39014000.0,33218000.0,32353000.0,51249000.0,53400000.0,58900000.0,60400000.0,40200000.0,28800000.0,18600000.0,10200000.0,7000000.0,2500000.0
,SellingAndMarketingExpenses,0.0,0.0,0.0,0.0,0.0,0.0,0.0,0.0,0.0,0.0,0.0,0.0,0.0,0.0,0.0,0.0
,otherExpenses,-469000.0,3376000.0,3183000.0,3639000.0,8789000.0,3267000.0,-2000000.0,4400000.0,0.0,8300000.0,0.0,0.0,0.0,0.0,0.0,0.0
,operatingExpenses,148832000.0,238334000.0,214185000.0,175214000.0,155017000.0,151891000.0,165198000.0,202459000.0,183785000.0,276674000.0,220608000.0,184637000.0,44330000.0,19646859.0,11087242.0,2944189.0
,costAndExpenses,313065000.0,462818000.0,464030000.0,385613000.0,941871000.0,645468000.0,579388000.0,461800000.0,387800000.0,363200000.0,280100000.0,225400000.0,69600000.0,40500000.0,17200000.0,3300000.0
,interestExpense,50515000.0,696000.0,2086000.0,1209000.0,2368000.0,1369000.0,2856000.0,3200000.0,2100000.0,1600000.0,1200000.0,1100000.0,1200000.0,400000.0,400000.0,0.0
,,,,,,,,,,,,,,,,,,,,,,,,,,,,,,,,,,,,,,,,,,,,,,,,,,,,,,,,,,,,,,,,,,,,,,,,,,,,,,,,,,,,,,,,,,,,,,,,,,,,,
EBITDA,,,,,,,,,,,,,,,,,,,,,,,,,,,,,,,,,,,,,,,,,,,,,,,,,,,,,,,,,,,,,,,,,,,,,,,,,,,,,,,,,,,,,,,,,,,,,,,,,,,,,
,depreciationAndAmortization,0.0,225033000.0,197867000.0,131335000.0,139535000.0,176386000.0,185877000.0,267100000.0,182000000.0,231200000.0,163600000.0,135900000.0,25700000.0,9400000.0,4100000.0,500000.0
,EBITDA,85257000.0,333198000.0,347268000.0,167456000.0,-513067000.0,-193071000.0,165887000.0,525700000.0,377300000.0,464200000.0,256800000.0,173100000.0,68900000.0,800000.0,-1400000.0,-1700000.0
,EBITDARatio,0.358466687409077,0.583551524301074,0.566107679592326,0.397065448837419,-1.77366741683347,-0.699504729883954,0.296545572204405,0.729632199861208,0.647058823529412,0.77859778597786,0.687918564157514,0.659177456207159,0.610815602836879,0.0250783699059561,-0.11965811965812,-1.54545454545455
,,,,,,,,,,,,,,,,,,,,,,,,,,,,,,,,,,,,,,,,,,,,,,,,,,,,,,,,,,,,,,,,,,,,,,,,,,,,,,,,,,,,,,,,,,,,,,,,,,,,,
INCOME,,,,,,,,,,,,,,,,,,,,,,,,,,,,,,,,,,,,,,,,,,,,,,,,,,,,,,,,,,,,,,,,,,,,,,,,,,,,,,,,,,,,,,,,,,,,,,,,,,,,,
,operatingIncome,-75227000.0,108165000.0,149401000.0,36121000.0,-652602000.0,-369457000.0,-19990000.0,258600000.0,195300000.0,233000000.0,93200000.0,37200000.0,43200000.0,-8600000.0,-5500000.0,-2200000.0
,operatingIncomeRatio,-0.316295125253324,0.189436463082088,0.243549804297468,0.0856487738716822,-2.25603849703909,-1.33855897047581,-0.0357348435282214,0.358917418459403,0.334933973589436,0.390808453539081,0.249665148673989,0.141660319878142,0.382978723404255,-0.269592476489028,-0.47008547008547,-2.0
,totalOtherIncomeExpensesNet,-724339000.0,-12886000.0,0.0,0.0,0.0,0.0,0.0,0.0,0.0,8300000.0,0.0,0.0,0.0,0.0,0.0,0.0
,incomeBeforeTax,-853361000.0,95975000.0,151487000.0,37330000.0,-650234000.0,-368088000.0,-17134000.0,261800000.0,197400000.0,234200000.0,94400000.0,38300000.0,44400000.0,-8200000.0,-5100000.0,-2200000.0
,incomeBeforeTaxRatio,-3.58799266727773,0.168087316084717,0.246950349754088,0.0885155097763045,-2.24785234504907,-1.33359902322734,-0.0306293551281914,0.363358778625954,0.338535414165666,0.392821200939282,0.252879721403697,0.145849200304646,0.393617021276596,-0.25705329153605,-0.435897435897436,-2.0
,incomeTaxExpense,-75394000.0,57285000.0,48871000.0,69038000.0,-184669000.0,-100059000.0,127215000.0,135548000.0,97704000.0,107330000.0,-57234000.0,-24354000.0,20900000.0,300000.0,700000.0,0.0
,netIncome,-777967000.0,38690000.0,102616000.0,-31708000.0,-465565000.0,-268029000.0,-171339000.0,126300000.0,99700000.0,126900000.0,37200000.0,13900000.0,23500000.0,-8500000.0,-5800000.0,-2200000.0
,netIncomeRatio,-3.27099538341224,0.0677603361220912,0.167282057802752,-0.0751848321453807,-1.60945348447293,-0.971080862719239,-0.306291763645919,0.17529493407356,0.1709826787858,0.212848037571285,0.0996517546209483,0.0529322162985529,0.208333333333333,-0.266457680250784,-0.495726495726496,-2.0
,,,,,,,,,,,,,,,,,,,,,,,,,,,,,,,,,,,,,,,,,,,,,,,,,,,,,,,,,,,,,,,,,,,,,,,,,,,,,,,,,,,,,,,,,,,,,,,,,,,,,
EPS,,,,,,,,,,,,,,,,,,,,,,,,,,,,,,,,,,,,,,,,,,,,,,,,,,,,,,,,,,,,,,,,,,,,,,,,,,,,,,,,,,,,,,,,,,,,,,,,,,,,,
,EPS,-2.06627055093492,0.10276,0.24025,-0.07993,-1.45103,-0.93935,-0.60179,0.44145,0.35081,0.45112,0.14075,0.05481,0.16411,-0.08938,-0.08011,-0.02792
,EPSDiluted,-2.06627055093492,0.10276,0.24025,-0.07993,-1.45103,-0.93935,-0.60179,0.44145,0.35081,0.45112,0.14075,0.05481,0.16411,-0.08938,-0.08011,-0.02792
,weightedAverageShsOut,376507810.0,376507810.0,427119870.0,396683590.0,320851540.0,285333870.0,284715790.0,286100000.0,284200000.0,281300000.0,264300000.0,253600000.0,143200000.0,95100000.0,72400000.0,78800000.0
,weightedAverageShsOutDil,376507810.0,376507810.0,427119870.0,396683590.0,320851540.0,285333870.0,284715790.0,286100000.0,284200000.0,281300000.0,264300000.0,253600000.0,143200000.0,95100000.0,72400000.0,78800000.0
