Date,2018-12-31,2017-12-31,2016-12-31,2015-12-31,2014-12-31,2013-12-31,2012-12-31,2011-12-31,2010-12-31,2009-12-31
Revenue,2996059000.0,2916085000.0,2984806000.0,2902736000.0,2320114000.0,2381631000.0,2422003000.0,2153199000.0,1998645000.0,1982211000.0
Revenue Growth,0.0274251264966556,-0.0230236068943844,0.0282733255797289,0.251117833003033,-0.0258297779966754,-0.016668848056753,0.124839366914066,0.0773293906621736,0.00829074200476135,0.1456
Cost of Revenue,2527613000.0,2353101000.0,2472191000.0,2318715000.0,1747595000.0,1836201000.0,1919859000.0,1716254000.0,1596789000.0,1605872000.0
Gross Profit,468446000.0,562984000.0,512615000.0,584021000.0,572519000.0,545430000.0,502144000.0,436945000.0,401856000.0,376339000.0
R&D Expenses,0.0,0.0,0.0,0.0,0.0,0.0,0.0,0.0,0.0,0.0
SG&A Expense,8815000.0,9787000.0,9739000.0,18858000.0,0.0,0.0,10440000.0,0.0,304995000.0,279418000.0
Operating Expenses,554715000.0,477213000.0,493894000.0,518721000.0,497194000.0,478169000.0,425173000.0,347590000.0,304995000.0,279418000.0
Operating Income,-93172000.0,78977000.0,11086000.0,57131000.0,66051000.0,57787000.0,66372000.0,78500000.0,96861000.0,96921000.0
Interest Expense,6903000.0,6794000.0,7635000.0,8169000.0,9274000.0,9474000.0,10599000.0,10855000.0,12658000.0,13270000.0
Earnings before Tax,-93172000.0,78977000.0,11086000.0,57131000.0,66051000.0,57787000.0,66372000.0,78500000.0,84203000.0,83651000.0
Income Tax Expense,-29866000.0,24496000.0,-6345000.0,5099000.0,745000.0,2281000.0,12472000.0,20464000.0,17402000.0,14871000.0
Net Income - Non-Controlling int,0.0,0.0,0.0,0.0,0.0,0.0,0.0,0.0,0.0,0.0
Net Income - Discontinued ops,0.0,0.0,0.0,0.0,0.0,0.0,0.0,0.0,0.0,0.0
Net Income,-63302000.0,54486000.0,17438000.0,52121000.0,65660000.0,55924000.0,54032000.0,58036000.0,66801000.0,68780000.0
Preferred Dividends,0.0,0.0,0.0,0.0,0.0,0.0,0.0,0.0,0.0,0.0
Net Income Com,-63302000.0,54486000.0,17438000.0,52121000.0,65660000.0,55924000.0,54032000.0,58036000.0,66801000.0,68780000.0
EPS,-2.76,2.27,0.71,2.03,2.42,2.02,1.91,2.02,2.188,2.217
EPS Diluted,-2.76,2.26,0.71,2.02,2.41,2.01,1.9,2.01,2.169,2.217
Weighted Average Shs Out,22975385.0,23996503.0,24454435.0,25674079.0,27102127.0,27692937.0,28340122.0,0.0,30633354.0,30906704.0
Weighted Average Shs Out (Dil),22975385.0,24067586.0,24511093.0,25761741.0,27188832.0,27792809.0,28455581.0,0.0,30633354.0,30906704.0
Dividend per Share,0.0,0.0,0.0,0.0,0.0,0.0,0.0,0.0,0.0,0.0
Gross Margin,0.156354063788,0.193061587711,0.171741480016,0.201196733013,0.246763305596,0.229015326052,0.20732591991,0.202928294134,0.2011,0.1899
EBITDA Margin,-0.0279076613645,0.028140812082,0.00553972351972,0.0229631630296,0.0363602822965,0.0325041956542,0.0347600725515,0.0449642601543,0.056,0.054
EBIT Margin,-0.0310981859837,0.0270832297412,0.00371414423584,0.0196817760899,0.0284688597198,0.0242636243818,0.0274037645701,0.0364573827129,0.0485,0.0489
Profit Margin,-0.0211284223709,0.0186846405369,0.00584225574459,0.0179558182349,0.0283003335181,0.023481387335,0.0223088080403,0.0269533842436,0.033,0.035
Free Cash Flow margin,-0.00413242863375,0.091752812418,0.000576586887054,0.0757905644881,0.0143130897878,0.0424662762619,0.0403145660844,0.0678943283923,0.0092,0.0272
EBITDA,-83613000.0,82061000.0,16535000.0,66656000.0,84360000.0,77413000.0,84189000.0,96817000.0,112361000.0,106564000.0
EBIT,-93172000.0,78977000.0,11086000.0,57131000.0,66051000.0,57787000.0,66372000.0,78500000.0,96861000.0,96921000.0
Consolidated Income,-63302000.0,54486000.0,17438000.0,52121000.0,65660000.0,55924000.0,54032000.0,58036000.0,66801000.0,68780000.0
Earnings Before Tax Margin,-0.0310981859837,0.0270832297412,0.00371414423584,0.0196817760899,0.0284688597198,0.0242636243818,0.0274037645701,0.0364573827129,0.0421,0.0422
Net Profit Margin,-0.0211284223709,0.0186846405369,0.00584225574459,0.0179558182349,0.0283003335181,0.023481387335,0.0223088080403,0.0269533842436,0.0334,0.0347
