Date,2018-12-31,2017-12-31,2016-12-31,2015-12-31,2014-12-31,2013-12-31,2012-12-31,2011-12-31,2010-12-31,2009-12-31
Revenue,138148842.0,113953519.0,130423463.0,120571171.0,98363270.0,89204138.0,81629182.0,32831273.0,33367979.0,29246266.0
Revenue Growth,0.2123,-0.1263,0.0817,0.2258,0.1027,0.0928,1.4863,-0.0161,0.1409,-0.0699
Cost of Revenue,114988255.0,89862203.0,93566045.0,99726789.0,84067942.0,71680877.0,56958270.0,25276055.0,27671106.0,26026090.0
Gross Profit,23160587.0,24091316.0,36857418.0,20844382.0,14295328.0,17523261.0,24670912.0,7555218.0,5696873.0,3220176.0
R&D Expenses,0.0,0.0,0.0,0.0,0.0,0.0,0.0,0.0,0.0,0.0
SG&A Expense,7336475.0,6611315.0,5913132.0,4747492.0,4321250.0,4036955.0,3560149.0,2856034.0,2959841.0,2872966.0
Operating Expenses,15596883.0,13906026.0,15450648.0,12069298.0,12912403.0,9266276.0,7656517.0,6501865.0,5714936.0,5621724.0
Operating Income,7563704.0,10185290.0,21406770.0,8775084.0,1382925.0,8256985.0,17014395.0,1053353.0,-18063.0,-2401548.0
Interest Expense,875646.0,665268.0,591176.0,667596.0,681101.0,594632.0,348372.0,168165.0,134940.0,123590.0
Earnings before Tax,6824697.0,9333748.0,20809517.0,7871347.0,334381.0,7067950.0,16744569.0,947332.0,-217956.0,-2464479.0
Income Tax Expense,1796946.0,1035997.0,7809768.0,3378205.0,653442.0,3284647.0,4783340.0,73608.0,34601.0,-537358.0
Net Income - Non-Controlling int,0.0,0.0,0.0,0.0,0.0,0.0,0.0,0.0,0.0,0.0
Net Income - Discontinued ops,0.0,275624.0,108007.0,332748.0,443760.0,723739.0,0.0,-992.0,117834.0,-387.0
Net Income,5027751.0,8297751.0,12999749.0,4493142.0,-319061.0,3783303.0,11961229.0,873724.0,-252557.0,-1927121.0
Preferred Dividends,0.0,0.0,0.0,0.0,0.0,0.0,0.0,0.0,0.0,0.0
Net Income Com,5027751.0,8297751.0,12999749.0,4493142.0,-319061.0,3783303.0,11961229.0,873724.0,-252557.0,-1927121.0
EPS,0.2,0.33,0.51,0.18,-0.01,0.15,0.47,0.03,-0.01,-0.08
EPS Diluted,0.2,0.33,0.51,0.18,-0.01,0.15,0.47,0.03,-0.01,-0.08
Weighted Average Shs Out,25451354.0,25451354.0,25451354.0,25451354.0,25451354.0,25451354.0,25451354.0,25451354.0,25451354.0,25451354.0
Weighted Average Shs Out (Dil),25411623.0,25451354.0,25451354.0,25451354.0,25451354.0,25451354.0,25451354.0,25451354.0,25451354.0,25451354.0
Dividend per Share,0.0,0.0,0.0,0.0,0.0,0.0,0.0,0.0,0.0,0.0
Gross Margin,0.1676,0.2114,0.2826,0.1729,0.1453,0.1964,0.3022,0.2301,0.1707,0.1101
EBITDA Margin,0.117,0.151,0.212,0.125,0.072,0.142,0.253,0.12,0.08,0.016
EBIT Margin,0.0557,0.0877,0.1641,0.0708,0.0103,0.0859,0.2094,0.034,-0.0025,-0.08
Profit Margin,0.036,0.073,0.1,0.037,-0.003,0.042,0.147,0.027,-0.008,-0.066
Free Cash Flow margin,-0.0851,-0.0179,0.1022,0.0113,0.0054,-0.017,0.0164,-0.1159,0.0377,0.0109
EBITDA,16137315.0,17216917.0,27712857.0,15098184.0,7080118.0,12629893.0,20663063.0,3923647.0,2674247.0,456732.0
EBIT,7700343.0,9999016.0,21400693.0,8538943.0,1015482.0,7662582.0,17092941.0,1115497.0,-83016.0,-2340889.0
Consolidated Income,5027751.0,8297751.0,12999749.0,4493142.0,-319061.0,3783303.0,11961229.0,873724.0,-252557.0,-1927121.0
Earnings Before Tax Margin,0.0494,0.0819,0.1596,0.0653,0.0034,0.0792,0.2051,0.0289,-0.0065,-0.0843
Net Profit Margin,0.0364,0.0728,0.0997,0.0373,-0.0032,0.0424,0.1465,0.0266,-0.0076,-0.0659
