Date,2018-12-31,2017-12-31,2016-12-31,2015-12-31,2014-12-31,2013-12-31,2012-12-31,2011-12-31,2010-12-31,2009-12-31
Revenue,2348550000.0,2208044000.0,2001527000.0,2000401000.0,1639012000.0,1568643000.0,874916000.0,829096000.0,630195000.0,544866000.0
Revenue Growth,0.0636,0.1032,0.0006,0.2205,0.0449,0.7929,0.0553,0.3156,0.1566,-0.0949
Cost of Revenue,829508000.0,773972000.0,697567000.0,698475000.0,506644000.0,515334000.0,295950000.0,300065000.0,184277000.0,156322000.0
Gross Profit,1519042000.0,1434072000.0,1303960000.0,1301926000.0,1132368000.0,1053309000.0,578966000.0,529031000.0,445918000.0,388544000.0
R&D Expenses,0.0,0.0,0.0,0.0,0.0,0.0,0.0,0.0,0.0,0.0
SG&A Expense,820472000.0,777220000.0,771744000.0,731421000.0,558816000.0,536154000.0,332224000.0,277492000.0,265470000.0,238014000.0
Operating Expenses,1095530000.0,1042091000.0,1017598000.0,917665000.0,710797000.0,673121000.0,388644000.0,337252000.0,315508000.0,289222000.0
Operating Income,423512000.0,391981000.0,286362000.0,384261000.0,421571000.0,380188000.0,190322000.0,191779000.0,130410000.0,99322000.0
Interest Expense,107719000.0,107291000.0,75641000.0,67073000.0,56162000.0,67894000.0,62845000.0,38617000.0,23147000.0,26902000.0
Earnings before Tax,308953000.0,287792000.0,215532000.0,300931000.0,367862000.0,317592000.0,98835000.0,158015000.0,111424000.0,77243000.0
Income Tax Expense,64535000.0,-261259000.0,74395000.0,75894000.0,107107000.0,46296000.0,46402000.0,38531000.0,30164000.0,15916000.0
Net Income - Non-Controlling int,9908000.0,7727000.0,-41000.0,0.0,251000.0,0.0,0.0,0.0,0.0,146000.0
Net Income - Discontinued ops,0.0,0.0,0.0,0.0,0.0,0.0,0.0,0.0,-2591000.0,-1398000.0
Net Income,244418000.0,549051000.0,141137000.0,225037000.0,260755000.0,271296000.0,52433000.0,119484000.0,81260000.0,61327000.0
Preferred Dividends,0.0,0.0,0.0,0.0,0.0,2139000.0,4375000.0,0.0,0.0,0.0
Net Income Com,244418000.0,549051000.0,141137000.0,225037000.0,260755000.0,269157000.0,48058000.0,119484000.0,81260000.0,61327000.0
EPS,4.09,8.92,2.46,3.97,4.71,5.0,1.13,2.99,2.09,1.7
EPS Diluted,4.09,8.92,2.46,3.97,4.71,5.0,1.13,2.99,1.94,1.57
Weighted Average Shs Out,58931981.0,62384804.0,58086269.0,57688904.0,53879598.0,53484069.0,46855806.0,42310944.0,41467260.0,40989935.0
Weighted Average Shs Out (Dil),59745000.0,61579000.0,57324000.0,56734000.0,55305000.0,53788000.0,42693000.0,39912000.0,38886000.0,36146000.0
Dividend per Share,0.0,0.0,0.0,0.0,0.0,0.0,0.0,0.0,0.0,0.0
Gross Margin,0.6468,0.6495,0.6515,0.6508,0.6909,0.6715,0.6617,0.6381,0.7076,0.7131
EBITDA Margin,0.289,0.292,0.248,0.278,0.355,0.336,0.269,0.317,0.295,0.279
EBIT Margin,0.1774,0.1789,0.1455,0.184,0.2587,0.2457,0.1848,0.2372,0.2135,0.1911
Profit Margin,0.104,0.249,0.071,0.112,0.159,0.172,0.055,0.144,0.129,0.113
Free Cash Flow margin,0.1186,0.1159,0.095,0.0546,0.1019,0.1089,-0.0523,0.0051,0.0997,0.0838
EBITDA,679888000.0,645540000.0,496361000.0,556539000.0,581105000.0,527130000.0,235085000.0,263113000.0,185737000.0,152255000.0
EBIT,416672000.0,395083000.0,291173000.0,368004000.0,424024000.0,385486000.0,161680000.0,196632000.0,134571000.0,104145000.0
Consolidated Income,254326000.0,556778000.0,141096000.0,225037000.0,261006000.0,271296000.0,52433000.0,119484000.0,81260000.0,61473000.0
Earnings Before Tax Margin,0.1316,0.1303,0.1077,0.1504,0.2244,0.2025,0.113,0.1906,0.1768,0.1418
Net Profit Margin,0.1041,0.2487,0.0705,0.1125,0.1591,0.1729,0.0599,0.1441,0.1289,0.1126
