Date,2018-12-31,2017-12-31,2016-12-31,2015-12-31,2014-12-31,2013-12-31,2012-12-31,2011-12-31,2010-12-31,2009-12-31
Revenue,120774000.0,77407000.0,104521000.0,108664000.0,108663000.0,105171000.0,111171000.0,108864000.0,108179000.0,85772000.0
Revenue Growth,0.5602,-0.2594,-0.0381,0.0,0.0332,-0.054,0.0212,0.0063,0.2612,-0.0259
Cost of Revenue,57593000.0,38237000.0,56106000.0,59941000.0,59319000.0,57475000.0,58831000.0,58672000.0,56372000.0,44089000.0
Gross Profit,63181000.0,39170000.0,48415000.0,48723000.0,49344000.0,47696000.0,52340000.0,50192000.0,51807000.0,41683000.0
R&D Expenses,10988000.0,5645000.0,5392000.0,6420000.0,4880000.0,4154000.0,4344000.0,3874000.0,4669000.0,4396000.0
SG&A Expense,45825000.0,32607000.0,41436000.0,40409000.0,35051000.0,35217000.0,36408000.0,34539000.0,34058000.0,26872000.0
Operating Expenses,62197000.0,39805000.0,51412000.0,50436000.0,42726000.0,46159000.0,44510000.0,41787000.0,41589000.0,33628000.0
Operating Income,984000.0,-635000.0,-2997000.0,-1713000.0,6618000.0,1537000.0,7830000.0,8405000.0,10218000.0,8055000.0
Interest Expense,5367000.0,713000.0,639000.0,846000.0,990000.0,955000.0,584000.0,752000.0,677000.0,277000.0
Earnings before Tax,-6598000.0,-1470000.0,-3078000.0,-3608000.0,4417000.0,-2118000.0,4768000.0,5391000.0,9563000.0,9906000.0
Income Tax Expense,-3676000.0,-605000.0,1229000.0,15431000.0,2062000.0,-288000.0,2398000.0,1579000.0,-9452000.0,2673000.0
Net Income - Non-Controlling int,0.0,0.0,0.0,0.0,0.0,0.0,0.0,0.0,0.0,0.0
Net Income - Discontinued ops,-1377000.0,-1151000.0,0.0,0.0,0.0,2553000.0,2124000.0,1477000.0,0.0,-188000.0
Net Income,-2922000.0,-865000.0,-4307000.0,-19039000.0,2355000.0,-1830000.0,2370000.0,3812000.0,19015000.0,7233000.0
Preferred Dividends,0.0,0.0,0.0,0.0,0.0,0.0,0.0,0.0,0.0,0.0
Net Income Com,-2922000.0,-865000.0,-4307000.0,-19039000.0,2355000.0,-1830000.0,2370000.0,3812000.0,19015000.0,7233000.0
EPS,-0.08,-0.02,-0.13,-0.57,0.07,-0.06,0.09,0.14,0.66,0.24
EPS Diluted,-0.08,-0.02,-0.13,-0.57,0.07,-0.06,0.08,0.13,0.65,0.24
Weighted Average Shs Out,37293918.0,34880512.0,34374345.0,33944207.0,32419655.0,31010105.0,28822767.0,28499350.0,28285675.0,29467795.0
Weighted Average Shs Out (Dil),36453000.0,34753000.0,34212000.0,33593000.0,32171000.0,30384000.0,28799000.0,28451000.0,28967000.0,29649000.0
Dividend per Share,0.0,0.0,0.0,0.0,0.0,1.283,0.0,0.0,0.0,0.0
Gross Margin,0.5231,0.506,0.4632,0.4484,0.4541,0.4535,0.4708,0.4611,0.4789,0.486
EBITDA Margin,0.055,0.039,0.017,0.017,0.085,0.026,0.084,0.093,0.128,0.154
EBIT Margin,-0.0102,-0.0098,-0.0233,-0.0254,0.0498,-0.0111,0.0481,0.0564,0.0947,0.1187
Profit Margin,-0.024,-0.011,-0.041,-0.175,0.022,-0.017,0.021,0.035,0.176,0.084
Free Cash Flow margin,0.0157,0.0023,0.0377,-0.0207,0.0321,0.0238,0.0569,0.0475,0.1061,0.1765
EBITDA,6623000.0,3002000.0,1815000.0,1802000.0,9238000.0,2725000.0,9374000.0,10165000.0,13800000.0,13231000.0
EBIT,-1231000.0,-757000.0,-2439000.0,-2762000.0,5407000.0,-1163000.0,5352000.0,6143000.0,10240000.0,10183000.0
Consolidated Income,-2922000.0,-865000.0,-4307000.0,-19039000.0,2355000.0,-1830000.0,2370000.0,3812000.0,19015000.0,7233000.0
Earnings Before Tax Margin,-0.0546,-0.019,-0.0294,-0.0332,0.0406,-0.0201,0.0429,0.0495,0.0884,0.1155
Net Profit Margin,-0.0242,-0.0112,-0.0412,-0.1752,0.0217,-0.0174,0.0213,0.035,0.1758,0.0843
