Date,2018-12-31,2017-12-31,2016-12-31,2015-12-31,2014-12-31,2013-12-31,2012-12-31,2011-12-31,2010-12-31,2009-12-31
Revenue,166076000.0,142766000.0,119605000.0,100006000.0,86202000.0,85369000.0,82013000.0,63130000.0,55968000.0,49022000.0
Revenue Growth,0.1633,0.1936,0.196,0.1601,0.0098,0.0409,0.2991,0.128,0.1417,0.124
Cost of Revenue,0.0,0.0,0.0,0.0,0.0,0.0,0.0,0.0,0.0,0.0
Gross Profit,166076000.0,142766000.0,119605000.0,100006000.0,86202000.0,85369000.0,82013000.0,63130000.0,55968000.0,49022000.0
R&D Expenses,0.0,0.0,0.0,0.0,0.0,0.0,0.0,0.0,0.0,0.0
SG&A Expense,73921000.0,66824000.0,57702000.0,48363000.0,41952000.0,39061000.0,35629000.0,29148000.0,28210000.0,24582000.0
Operating Expenses,102516000.0,94813000.0,86892000.0,72225000.0,61946000.0,58445000.0,54024000.0,46147000.0,42571000.0,37812000.0
Operating Income,63560000.0,47953000.0,32713000.0,27781000.0,24256000.0,26924000.0,27989000.0,16983000.0,13397000.0,11210000.0
Interest Expense,0.0,0.0,0.0,0.0,0.0,0.0,0.0,0.0,0.0,0.0
Earnings before Tax,63560000.0,47953000.0,32713000.0,27781000.0,24256000.0,26924000.0,27989000.0,16983000.0,13397000.0,11210000.0
Income Tax Expense,10443000.0,14836000.0,8801000.0,7232000.0,6155000.0,7048000.0,8446000.0,4186000.0,2942000.0,2070000.0
Net Income - Non-Controlling int,0.0,0.0,0.0,0.0,0.0,0.0,0.0,0.0,0.0,0.0
Net Income - Discontinued ops,0.0,0.0,0.0,0.0,0.0,0.0,0.0,0.0,0.0,0.0
Net Income,53117000.0,33117000.0,23912000.0,20549000.0,18101000.0,19876000.0,19543000.0,12797000.0,10455000.0,9140000.0
Preferred Dividends,0.0,0.0,42000.0,125000.0,133000.0,370000.0,481000.0,1325000.0,1406000.0,1402000.0
Net Income Com,53117000.0,33117000.0,23870000.0,20424000.0,17968000.0,19506000.0,19062000.0,11472000.0,9049000.0,7738000.0
EPS,1.39,0.96,0.8,0.867,0.88,1.004,1.062,0.689,0.547,0.474
EPS Diluted,1.38,0.95,0.79,0.84,0.847,0.964,1.022,0.671,0.538,0.468
Weighted Average Shs Out,38367890.0,38223657.0,33258155.0,26848996.0,20724269.0,19565372.0,19560917.0,16754405.0,16713525.0,16574023.0
Weighted Average Shs Out (Dil),38367890.0,38223657.0,33258155.0,26848996.0,20724269.0,19565372.0,19560917.0,16754405.0,16713525.0,16574023.0
Dividend per Share,0.387,0.32,0.267,0.191,0.227,0.236,0.166,0.138,0.134,0.134
Gross Margin,1.0,1.0,1.0,1.0,1.0,1.0,1.0,1.0,1.0,1.0
EBITDA Margin,0.424,0.377,0.318,0.319,0.325,0.355,0.376,0.309,0.281,0.275
EBIT Margin,0.3827,0.3359,0.2735,0.2778,0.2814,0.3154,0.3413,0.269,0.2394,0.2287
Profit Margin,0.32,0.232,0.2,0.204,0.208,0.228,0.232,0.182,0.162,0.158
Free Cash Flow margin,0.4155,0.3248,0.202,0.2961,0.1324,0.4761,0.2361,0.3163,0.4019,0.2172
EBITDA,70373000.0,53889000.0,37988000.0,31933000.0,28035000.0,30280000.0,30864000.0,19503000.0,15717000.0,13490000.0
EBIT,63560000.0,47953000.0,32713000.0,27781000.0,24256000.0,26924000.0,27989000.0,16983000.0,13397000.0,11210000.0
Consolidated Income,53117000.0,33117000.0,23912000.0,20549000.0,18101000.0,19876000.0,19543000.0,12797000.0,10455000.0,9140000.0
Earnings Before Tax Margin,0.3827,0.3359,0.2735,0.2778,0.2814,0.3154,0.3413,0.269,0.2394,0.2287
Net Profit Margin,0.3198,0.232,0.1999,0.2055,0.21,0.2328,0.2383,0.2027,0.1868,0.1864
