date,,2021-01-31_FY,2020-02-01_FY,2019-02-02_FY,2018-02-03_FY,2017-01-28_FY,2016-01-30_FY,2015-01-31_FY,2014-02-01_FY,2013-02-02_FY,2012-01-28_FY,2011-01-29_FY,2010-01-30_FY,2009-01-31_FY,2008-02-02_FY,2007-02-03_FY,2006-01-28_FY,2005-01-29_FY,2004-01-31_FY,2003-02-01_FY,2002-02-02_FY,2001-02-03_FY,2000-01-29_FY,1999-01-30_FY,1998-01-31_FY,1997-02-01_FY
,revenue,1419657000.0,1184234000.0,1008682000.0,968219000.0,972960000.0,943104000.0,913486000.0,852000000.0,818700000.0,732600000.0,665000000.0,593500000.0,564188000.0,520700000.0,512100000.0,440300000.0,377500000.0,320964000.0,279200000.0,241100000.0,209600000.0,174300000.0,143400000.0,113600000.0,86400000.0
,costOfRevenue,915169000.0,798707000.0,678036000.0,655502000.0,634364000.0,610389000.0,586702000.0,542700000.0,519800000.0,470200000.0,434600000.0,397300000.0,378817000.0,351900000.0,339000000.0,293400000.0,255300000.0,218565000.0,192100000.0,167400000.0,145800000.0,122000000.0,100400000.0,78700000.0,60000000.0
,grossProfit,504488000.0,385527000.0,330646000.0,312717000.0,338596000.0,332715000.0,326784000.0,309300000.0,298900000.0,262400000.0,230400000.0,196200000.0,185371000.0,168800000.0,173100000.0,146900000.0,122300000.0,102399000.0,87100000.0,73700000.0,63800000.0,52400000.0,42900000.0,34900000.0,26400000.0
,grossProfitRatio,0.355359076171216,0.325549680215228,0.327800040052266,0.322981680797423,0.348006084525571,0.352787179356678,0.357732904499905,0.363028169014085,0.365090997923537,0.358176358176358,0.346466165413534,0.330581297388374,0.328562464993938,0.324178989821394,0.338019917984769,0.333636157165569,0.323973509933775,0.319035779713613,0.311962750716332,0.305682289506429,0.304389312977099,0.300631095811819,0.299163179916318,0.307218309859155,0.305555555555556
,,,,,,,,,,,,,,,,,,,,,,,,,,,,,,,,,,,,,,,,,,,,,,,,,,,,,,,,,,,,,,,,,,,,,,,,,,,,,,,,,,,,,,,,,,,,,,,,,,,,,
COST And EXPENSES,,,,,,,,,,,,,,,,,,,,,,,,,,,,,,,,,,,,,,,,,,,,,,,,,,,,,,,,,,,,,,,,,,,,,,,,,,,,,,,,,,,,,,,,,,,,,,,,,,,,,
,ResearchAndDevelopmentExpenses,0.0,0.0,0.0,0.0,0.0,0.0,0.0,0.0,0.0,0.0,0.0,0.0,0.0,0.0,0.0,0.0,0.0,0.0,0.0,0.0,0.0,0.0,0.0,0.0,0.0
,GeneralAndAdministrativeExpenses,0.0,-19463000.0,-4588000.0,0.0,0.0,0.0,0.0,-27000.0,28000.0,155700000.0,143200000.0,129900000.0,0.0,108500000.0,39000.0,40000.0,-23000.0,0.0,171000.0,48900000.0,40800000.0,34100000.0,28700000.0,22900000.0,17300000.0
,SellingAndMarketingExpenses,0.0,318011000.0,264142000.0,231832000.0,222785000.0,203673000.0,0.0,181527000.0,169872000.0,0.0,0.0,0.0,0.0,0.0,100461000.0,85060000.0,72923000.0,0.0,55529000.0,0.0,0.0,0.0,0.0,0.0,0.0
,otherExpenses,0.0,0.0,0.0,0.0,0.0,0.0,0.0,0.0,0.0,0.0,0.0,0.0,0.0,0.0,0.0,0.0,0.0,0.0,0.0,0.0,0.0,0.0,0.0,0.0,0.0
,operatingExpenses,386439000.0,349410000.0,293105000.0,256039000.0,241832000.0,220711000.0,208638000.0,195400000.0,182900000.0,168900000.0,156800000.0,143800000.0,137399000.0,120600000.0,111400000.0,95100000.0,82800000.0,70461000.0,64500000.0,54800000.0,45600000.0,37900000.0,31800000.0,25200000.0,19200000.0
,costAndExpenses,1301608000.0,1148117000.0,971141000.0,911541000.0,876196000.0,831100000.0,795340000.0,738100000.0,702700000.0,639100000.0,591400000.0,541100000.0,516216000.0,472500000.0,450400000.0,388500000.0,338100000.0,289026000.0,256600000.0,222200000.0,191400000.0,159900000.0,132200000.0,103900000.0,79200000.0
,interestExpense,563000.0,211000.0,714000.0,270000.0,292000.0,323000.0,315000.0,199000.0,182000.0,242000.0,147000.0,117000.0,660000.0,-151000.0,-30000.0,-24000.0,-42000.0,0.0,-214000.0,-600000.0,-800000.0,-400000.0,-100000.0,0.0,-2600000.0
,,,,,,,,,,,,,,,,,,,,,,,,,,,,,,,,,,,,,,,,,,,,,,,,,,,,,,,,,,,,,,,,,,,,,,,,,,,,,,,,,,,,,,,,,,,,,,,,,,,,,
EBITDA,,,,,,,,,,,,,,,,,,,,,,,,,,,,,,,,,,,,,,,,,,,,,,,,,,,,,,,,,,,,,,,,,,,,,,,,,,,,,,,,,,,,,,,,,,,,,,,,,,,,,
,depreciationAndAmortization,29583000.0,29323000.0,27052000.0,24207000.0,19047000.0,17038000.0,15990000.0,13800000.0,13000000.0,13200000.0,13600000.0,13900000.0,14324000.0,12200000.0,10900000.0,10100000.0,9900000.0,7267000.0,8700000.0,5900000.0,4800000.0,3800000.0,3100000.0,2300000.0,2000000.0
,EBITDA,147632000.0,65440000.0,64593000.0,80885000.0,115811000.0,129042000.0,134136000.0,127700000.0,129000000.0,106700000.0,87100000.0,66300000.0,62296000.0,60400000.0,72600000.0,61800000.0,49300000.0,39205000.0,31300000.0,24900000.0,23000000.0,18200000.0,14300000.0,12000000.0,9200000.0
,EBITDARatio,0.103991316212296,0.0552593490813471,0.0640370305011887,0.0835399842391029,0.119029559283013,0.136826903501629,0.146839688840333,0.149882629107981,0.157566874312935,0.145645645645646,0.130977443609023,0.111710193765796,0.110417095010883,0.115997695410025,0.141769185705917,0.140358846241199,0.130596026490066,0.122147655188744,0.112106017191977,0.103276648693488,0.109732824427481,0.104417670682731,0.099721059972106,0.105633802816901,0.106481481481481
,,,,,,,,,,,,,,,,,,,,,,,,,,,,,,,,,,,,,,,,,,,,,,,,,,,,,,,,,,,,,,,,,,,,,,,,,,,,,,,,,,,,,,,,,,,,,,,,,,,,,
INCOME,,,,,,,,,,,,,,,,,,,,,,,,,,,,,,,,,,,,,,,,,,,,,,,,,,,,,,,,,,,,,,,,,,,,,,,,,,,,,,,,,,,,,,,,,,,,,,,,,,,,,
,operatingIncome,118049000.0,36117000.0,37541000.0,56678000.0,96764000.0,112004000.0,118146000.0,113900000.0,116000000.0,93500000.0,73500000.0,52400000.0,47972000.0,48200000.0,61700000.0,51700000.0,39400000.0,31938000.0,22600000.0,19000000.0,18200000.0,14400000.0,11200000.0,9700000.0,7200000.0
,operatingIncomeRatio,0.0689969478543057,0.0304981954579923,0.0372178744143347,0.0585384091822201,0.0994532149317546,0.118761027415852,0.129335315483762,0.13368544600939,0.141688042017833,0.127627627627628,0.110526315789474,0.0882898062342039,0.085028394790389,0.0925676973305166,0.120484280413982,0.117419940949353,0.104370860927152,0.0995064867087898,0.080945558739255,0.0788054749066777,0.0868320610687023,0.0826161790017212,0.0781032078103208,0.085387323943662,0.0833333333333333
,totalOtherIncomeExpensesNet,-19661000.0,0.0,0.0,0.0,0.0,0.0,0.0,0.0,0.0,0.0,0.0,0.0,0.0,0.0,0.0,0.0,0.0,0.0,0.0,0.0,0.0,0.0,0.0,0.0,0.0
,incomeBeforeTax,97952000.0,36328000.0,37558000.0,56447000.0,96496000.0,111712000.0,117853000.0,113700000.0,115800000.0,93300000.0,73400000.0,52400000.0,47353000.0,48700000.0,62600000.0,52900000.0,39900000.0,32044000.0,22400000.0,18300000.0,17400000.0,14000000.0,11000000.0,9600000.0,4600000.0
,incomeBeforeTaxRatio,0.0689969478543057,0.0306763697039605,0.0372347280907164,0.0582998267953841,0.0991777668146686,0.118451411509229,0.129014566178354,0.133450704225352,0.141443752290216,0.127354627354627,0.110375939849624,0.0882898062342039,0.0839312427772303,0.0935279431534473,0.12224174965827,0.120145355439473,0.105695364238411,0.0998367418152815,0.0802292263610315,0.0759021153048528,0.0830152671755725,0.0803212851405622,0.0767085076708508,0.0845070422535211,0.0532407407407407
,incomeTaxExpense,23686000.0,8984000.0,9137000.0,21417000.0,35421000.0,41184000.0,44269000.0,42826000.0,43231000.0,34254000.0,27042000.0,19801000.0,17905000.0,18329000.0,24541000.0,19244000.0,14750000.0,11696000.0,8466000.0,6800000.0,6600000.0,5400000.0,4200000.0,3700000.0,1800000.0
,netIncome,74266000.0,27344000.0,28421000.0,35030000.0,61075000.0,70528000.0,73584000.0,70900000.0,72600000.0,59100000.0,46400000.0,32500000.0,29448000.0,30300000.0,38100000.0,33600000.0,25100000.0,20348000.0,14200000.0,11600000.0,10800000.0,8700000.0,6800000.0,5900000.0,1700000.0
,netIncomeRatio,0.0523126360804053,0.0230900311931595,0.0281763727319413,0.0361798312158716,0.062772364742641,0.0747828447339848,0.0805529586660332,0.0832159624413146,0.0886771711249542,0.0806715806715807,0.0697744360902256,0.054759898904802,0.0521953675016129,0.0581908968695986,0.0743995313415349,0.0763116057233704,0.0664900662251656,0.0633965179895565,0.0508595988538682,0.0481128162588138,0.0515267175572519,0.0499139414802065,0.0474198047419805,0.0519366197183099,0.0196759259259259
,,,,,,,,,,,,,,,,,,,,,,,,,,,,,,,,,,,,,,,,,,,,,,,,,,,,,,,,,,,,,,,,,,,,,,,,,,,,,,,,,,,,,,,,,,,,,,,,,,,,,
EPS,,,,,,,,,,,,,,,,,,,,,,,,,,,,,,,,,,,,,,,,,,,,,,,,,,,,,,,,,,,,,,,,,,,,,,,,,,,,,,,,,,,,,,,,,,,,,,,,,,,,,
,EPS,4.49,1.52275,1.50967,1.71296,2.72328,2.92296,2.9,2.69582,2.72932,2.14909,1.6,1.11684,1.03,0.9619,1.16871,0.97674,0.70308,0.591111,0.4104,0.34118,0.32239,0.26284,0.20482,0.187654,0.07203
,EPSDiluted,4.36,1.52275,1.50967,1.71296,2.72328,2.92296,2.87,2.69582,2.72932,2.14909,1.6,1.11684,1.02,0.9619,1.16871,0.97674,0.70308,0.573333,0.4104,0.34118,0.32239,0.26284,0.20482,0.183704,0.07203
,weightedAverageShsOut,16547000.0,17957000.0,18826000.0,20450000.0,22427000.0,24129000.0,25369000.0,26300000.0,26600000.0,27500000.0,29000000.0,29100000.0,28547000.0,31500000.0,32600000.0,34400000.0,35700000.0,34521673.0,34600000.0,34000000.0,33500000.0,33100000.0,33200000.0,31526288.0,23600000.0
,weightedAverageShsOutDil,17037000.0,17957000.0,18826000.0,20450000.0,22427000.0,24129000.0,25620000.0,26300000.0,26600000.0,27500000.0,29000000.0,29100000.0,28954000.0,31500000.0,32600000.0,34400000.0,35700000.0,35397087.0,34600000.0,34000000.0,33500000.0,33100000.0,33200000.0,32211447.0,23600000.0
