Date,2018-12-31,2017-12-31,2016-12-31,2015-12-31,2014-12-31,2013-12-31,2012-12-31,2011-12-31,2010-12-31,2009-12-31
Revenue,428679000.0,483736000.0,516012000.0,720605000.0,641593000.0,576681000.0,480781000.0,501456000.0,451758000.0,421782000.0
Revenue Growth,-0.11381621380257,-0.0625489329705511,-0.283918374143948,0.123149722643483,0.112561364081702,0.199467117044975,-0.0412299384193229,0.110010226714303,0.0710698891844602,0.1085
Cost of Revenue,297988000.0,336883000.0,358943000.0,452020000.0,394231000.0,360651000.0,302755000.0,227991000.0,283008000.0,266824000.0
Gross Profit,130691000.0,146853000.0,157069000.0,268585000.0,247362000.0,216030000.0,178026000.0,171263000.0,168750000.0,154958000.0
R&D Expenses,0.0,0.0,0.0,0.0,0.0,0.0,0.0,0.0,0.0,0.0
SG&A Expense,148038000.0,151186000.0,170682000.0,237504000.0,213424000.0,183572000.0,172779000.0,175312000.0,151634000.0,136683000.0
Operating Expenses,148038000.0,151186000.0,170682000.0,237504000.0,213424000.0,183572000.0,172779000.0,175312000.0,151634000.0,136683000.0
Operating Income,-20963000.0,-556000.0,-13650000.0,30844000.0,33938000.0,32458000.0,5247000.0,-3859000.0,17116000.0,18275000.0
Interest Expense,0.0,0.0,0.0,0.0,0.0,0.0,0.0,0.0,3144000.0,1737000.0
Earnings before Tax,-26273000.0,-3587000.0,-16005000.0,16181000.0,3453000.0,9594000.0,-12903000.0,-11121000.0,14697000.0,24047000.0
Income Tax Expense,4239000.0,3103000.0,5955000.0,8442000.0,8300000.0,6043000.0,13442000.0,-6186000.0,481000.0,4577000.0
Net Income - Non-Controlling int,0.0,0.0,0.0,0.0,0.0,0.0,0.0,0.0,778000.0,713000.0
Net Income - Discontinued ops,0.0,0.0,0.0,0.0,0.0,0.0,0.0,0.0,0.0,0.0
Net Income,-31461000.0,27366000.0,-33812000.0,6931000.0,-6148000.0,1629000.0,-28217000.0,-6017000.0,14216000.0,19470000.0
Preferred Dividends,0.0,0.0,0.0,0.0,0.0,0.0,0.0,0.0,0.0,0.0
Net Income Com,-31461000.0,27366000.0,-33812000.0,6931000.0,-6148000.0,1629000.0,-28217000.0,-6017000.0,14216000.0,19470000.0
EPS,-0.57,0.52,-0.65,0.14,-0.14,0.04,-0.73,-0.16,0.36,0.49
EPS Diluted,-0.57,0.52,-0.65,0.14,-0.14,0.04,-0.73,-0.16,0.36,0.49
Weighted Average Shs Out,54769000.0,52175000.0,51724000.0,50874000.0,44370000.0,39098000.0,38500000.0,38414000.0,38248923.0,38771398.0
Weighted Average Shs Out (Dil),54769000.0,52175000.0,51724000.0,51311000.0,44370000.0,39322000.0,38500000.0,38414000.0,39258000.0,39659000.0
Dividend per Share,0.0,0.0036990896023,0.00214600572268,0.00493071661047,0.00389903087672,0.0,0.0373766233766,0.0,0.0,0.0
Gross Margin,0.304869144511,0.303580878826,0.30439020798,0.372721532601,0.385543483174,0.374609186014,0.370285015423,0.341531460387,0.3735,0.3674
EBITDA Margin,-0.0345783208415,0.0143218615112,-0.00892808694371,0.0580734244142,0.068206791533,0.0749357096905,0.0367672599375,0.0234935866756,0.062,0.079
EBIT Margin,-0.0489013924172,-0.00114938726909,-0.026452873189,0.0428029225443,0.0528964623991,0.0562841501627,0.0109134928377,-0.00769559044064,0.0395,0.0611
Profit Margin,-0.0733905789647,0.0565721798667,-0.0655256079316,0.00961830683939,-0.00958239881046,0.0028247852799,-0.0586899232707,-0.0119990587409,0.031,0.046
Free Cash Flow margin,-0.065839474292,-0.0286044454,0.0126644341604,-0.029218503896,0.000910234369764,0.0306391228426,-0.018403389485,-0.030616843751,-0.0444,0.027
EBITDA,-14823000.0,6928000.0,-4607000.0,41848000.0,43761000.0,43214000.0,17677000.0,11781000.0,27842000.0,33127000.0
EBIT,-20963000.0,-556000.0,-13650000.0,30844000.0,33938000.0,32458000.0,5247000.0,-3859000.0,17841000.0,25784000.0
Consolidated Income,-31461000.0,27366000.0,-33812000.0,6931000.0,-6148000.0,1629000.0,-28217000.0,-6017000.0,14994000.0,20183000.0
Earnings Before Tax Margin,-0.0612882833076,-0.00741520168026,-0.0310167205414,0.0224547428897,0.00538191657328,0.0166365807093,-0.026837583016,-0.0221774193548,0.0325,0.057
Net Profit Margin,-0.0733905789647,0.0565721798667,-0.0655256079316,0.00961830683939,-0.00958239881046,0.0028247852799,-0.0586899232707,-0.0119990587409,0.0315,0.0462
