date,,2020-12-31_FY,2019-12-31_FY,2018-12-31_FY,2017-12-31_FY,2016-12-31_FY,2015-12-31_FY,2014-12-31_FY,2013-12-31_FY,2012-12-31_FY,2011-12-31_FY,2010-12-31_FY,2009-12-31_FY,2008-12-31_FY,2007-12-31_FY,2006-12-31_FY,2005-12-31_FY,2004-12-31_FY,2003-12-31_FY,2002-12-31_FY,2001-12-31_FY,2000-12-31_FY,1999-12-31_FY,1998-12-31_FY,1997-12-31_FY,1996-12-31_FY,1995-12-31_FY
,revenue,736900000.0,735979000.0,720035000.0,702737000.0,665634000.0,604671000.0,608468000.0,556810000.0,516102000.0,482852000.0,463321000.0,454026000.0,461003000.0,437059000.0,416798000.0,410701000.0,464724000.0,422062000.0,454220000.0,540615000.0,566431000.0,584935000.0,514187000.0,274470000.0,137926000.0,73500000.0
,costOfRevenue,231825000.0,248511000.0,242415000.0,236888000.0,231085000.0,215941000.0,225504000.0,203344000.0,187434000.0,176148000.0,164388000.0,164255000.0,165733000.0,0.0,0.0,0.0,0.0,0.0,0.0,0.0,0.0,0.0,0.0,0.0,0.0,0.0
,grossProfit,505075000.0,487468000.0,477620000.0,465849000.0,434549000.0,388730000.0,382964000.0,353466000.0,328668000.0,306704000.0,298933000.0,289771000.0,295270000.0,0.0,0.0,0.0,0.0,0.0,0.0,0.0,0.0,0.0,0.0,0.0,0.0,0.0
,grossProfitRatio,0.685405075315511,0.66233955044913,0.663328865957905,0.662906606596778,0.65283474101383,0.642878524023808,0.629390534917202,0.634805409385607,0.636827603845751,0.635192564181157,0.64519631098094,0.638225564174739,0.640494747322686,0.0,0.0,0.0,0.0,0.0,0.0,0.0,0.0,0.0,0.0,0.0,0.0,0.0
,,,,,,,,,,,,,,,,,,,,,,,,,,,,,,,,,,,,,,,,,,,,,,,,,,,,,,,,,,,,,,,,,,,,,,,,,,,,,,,,,,,,,,,,,,,,,,,,,,,,,
COST And EXPENSES,,,,,,,,,,,,,,,,,,,,,,,,,,,,,,,,,,,,,,,,,,,,,,,,,,,,,,,,,,,,,,,,,,,,,,,,,,,,,,,,,,,,,,,,,,,,,,,,,,,,,
,ResearchAndDevelopmentExpenses,0.0,0.0,0.0,0.0,0.0,0.0,0.0,0.0,0.0,0.0,0.0,0.0,0.0,0.0,0.0,0.0,0.0,0.0,0.0,0.0,0.0,0.0,0.0,0.0,0.0,0.0
,GeneralAndAdministrativeExpenses,41031000.0,44067000.0,40006000.0,39648000.0,38153000.0,37642000.0,36223000.0,37193000.0,37377000.0,35727000.0,32948000.0,36682000.0,38043000.0,41570000.0,37309000.0,33063000.0,41761000.0,24815000.0,24576000.0,21404000.0,21864000.0,22345000.0,20776000.0,10216000.0,5666000.0,2700000.0
,SellingAndMarketingExpenses,0.0,0.0,0.0,0.0,0.0,0.0,0.0,0.0,0.0,0.0,0.0,0.0,0.0,0.0,0.0,0.0,0.0,0.0,0.0,0.0,0.0,0.0,0.0,0.0,0.0,0.0
,otherExpenses,-1707000.0,-2510000.0,0.0,0.0,0.0,0.0,0.0,0.0,0.0,0.0,0.0,0.0,0.0,0.0,0.0,0.0,0.0,0.0,0.0,0.0,0.0,0.0,0.0,0.0,0.0,0.0
,operatingExpenses,282616000.0,298571000.0,269961000.0,267480000.0,258293000.0,239560000.0,232246000.0,214150000.0,193695000.0,178746000.0,168741000.0,167730000.0,164810000.0,321795000.0,308436000.0,302068000.0,343879000.0,301420000.0,297328000.0,276009000.0,279210000.0,286422000.0,246028000.0,124276000.0,57408000.0,-28100000.0
,costAndExpenses,514441000.0,547082000.0,512376000.0,504368000.0,489378000.0,455501000.0,457750000.0,417494000.0,381129000.0,354894000.0,333129000.0,331985000.0,330543000.0,321795000.0,308436000.0,302068000.0,343879000.0,301420000.0,297328000.0,276009000.0,279210000.0,286422000.0,246028000.0,124276000.0,57408000.0,-28100000.0
,interestExpense,80962000.0,81648000.0,71422000.0,69105000.0,76648000.0,86052000.0,85852000.0,92703000.0,96114000.0,95999000.0,93372000.0,86872000.0,98492000.0,0.0,0.0,0.0,0.0,0.0,0.0,0.0,0.0,0.0,0.0,0.0,0.0,0.0
,,,,,,,,,,,,,,,,,,,,,,,,,,,,,,,,,,,,,,,,,,,,,,,,,,,,,,,,,,,,,,,,,,,,,,,,,,,,,,,,,,,,,,,,,,,,,,,,,,,,,
EBITDA,,,,,,,,,,,,,,,,,,,,,,,,,,,,,,,,,,,,,,,,,,,,,,,,,,,,,,,,,,,,,,,,,,,,,,,,,,,,,,,,,,,,,,,,,,,,,,,,,,,,,
,depreciationAndAmortization,241585000.0,254504000.0,229955000.0,227832000.0,220140000.0,201918000.0,196023000.0,176957000.0,156318000.0,143019000.0,135793000.0,131048000.0,126767000.0,122172000.0,114935000.0,114493000.0,132417000.0,129225000.0,126638000.0,121067000.0,119443000.0,112347000.0,91705000.0,47533000.0,22095000.0,12700000.0
,EBITDA,464044000.0,443401000.0,437614000.0,426201000.0,396396000.0,351088000.0,346741000.0,316273000.0,291291000.0,270977000.0,265985000.0,253089000.0,257227000.0,237436000.0,223297000.0,223126000.0,253262000.0,249867000.0,283530000.0,385673000.0,406664000.0,410860000.0,359864000.0,197727000.0,102613000.0,114300000.0
,EBITDARatio,0.629724521644728,0.602464200744858,0.607767677960099,0.606487206451347,0.595516454988778,0.580626489446327,0.56985905585832,0.568008836048203,0.564405873257612,0.561200947702402,0.574083626686466,0.557432834242973,0.557972507771099,0.543258461672223,0.535743933512157,0.543280878303194,0.544972930169305,0.592014917239647,0.624212936462507,0.713396779593611,0.71794093190521,0.702402831083796,0.6998698916931,0.720395671658105,0.743971404956281,1.55510204081633
,,,,,,,,,,,,,,,,,,,,,,,,,,,,,,,,,,,,,,,,,,,,,,,,,,,,,,,,,,,,,,,,,,,,,,,,,,,,,,,,,,,,,,,,,,,,,,,,,,,,,
INCOME,,,,,,,,,,,,,,,,,,,,,,,,,,,,,,,,,,,,,,,,,,,,,,,,,,,,,,,,,,,,,,,,,,,,,,,,,,,,,,,,,,,,,,,,,,,,,,,,,,,,,
,operatingIncome,222459000.0,188897000.0,207659000.0,198369000.0,176256000.0,149170000.0,150718000.0,139316000.0,134973000.0,127958000.0,130192000.0,122041000.0,130460000.0,115264000.0,108362000.0,108633000.0,120845000.0,120642000.0,156892000.0,264606000.0,287221000.0,298513000.0,268159000.0,150194000.0,80518000.0,101600000.0
,operatingIncomeRatio,0.301884923327453,0.256660855812462,0.288401258272167,0.282280568690705,0.264794166163387,0.246696137238267,0.247700782949966,0.25020383972989,0.261523884813467,0.265004597682105,0.280997407844669,0.268797381647747,0.282991650813552,0.26372640764748,0.259986852144204,0.264506295334075,0.260036064416729,0.285839521207785,0.345409713354762,0.489453677755889,0.507071470311477,0.5103353364049,0.521520380717521,0.547214631835902,0.583776807853487,1.38231292517007
,totalOtherIncomeExpensesNet,216417000.0,34434000.0,39453000.0,60090000.0,20600000.0,20434000.0,45283000.0,9513000.0,4506000.0,5155000.0,31337000.0,2641000.0,-24950000.0,0.0,1087000.0,-453000.0,1978000.0,4750000.0,8063000.0,16172000.0,4659000.0,0.0,0.0,0.0,0.0,0.0
,incomeBeforeTax,357914000.0,141683000.0,177630000.0,191663000.0,122546000.0,85521000.0,115588000.0,62723000.0,50718000.0,44501000.0,0.0,0.0,0.0,0.0,0.0,0.0,0.0,0.0,0.0,0.0,0.0,0.0,0.0,0.0,0.0,0.0
,incomeBeforeTaxRatio,0.485702266250509,0.192509568887156,0.246696341150083,0.272737880601135,0.184104177370747,0.141433936801996,0.189965618569917,0.112647042976958,0.0982712719578688,0.0921628159353177,0.0,0.0,0.0,0.0,0.0,0.0,0.0,0.0,0.0,0.0,0.0,0.0,0.0,0.0,0.0,0.0
,incomeTaxExpense,0.0,0.0,0.0,0.0,0.0,0.0,0.0,0.0,0.0,0.0,0.0,0.0,0.0,0.0,0.0,0.0,0.0,0.0,0.0,0.0,0.0,0.0,0.0,0.0,0.0,0.0
,netIncome,347402000.0,136918000.0,171835000.0,185365000.0,524290000.0,97078000.0,110964000.0,125457000.0,79595000.0,45125000.0,68498000.0,58486000.0,31992000.0,90745000.0,53744000.0,62458000.0,41577000.0,55695000.0,93461000.0,131211000.0,133487000.0,138093000.0,125650000.0,71679000.0,39320000.0,23100000.0
,netIncomeRatio,0.471437101370607,0.186035199373895,0.238648121271883,0.263775779559067,0.787655077715381,0.160546809752742,0.182366204960655,0.22531384134624,0.154223389950049,0.0934551373919959,0.147841345417108,0.128816411394942,0.0693965115194478,0.207626430298884,0.128944956549696,0.1520765715204,0.0894660056291476,0.131959285602589,0.20576152525208,0.242706917122166,0.23566330232632,0.236082641661039,0.244366349207584,0.26115422450541,0.285080405434798,0.314285714285714
,,,,,,,,,,,,,,,,,,,,,,,,,,,,,,,,,,,,,,,,,,,,,,,,,,,,,,,,,,,,,,,,,,,,,,,,,,,,,,,,,,,,,,,,,,,,,,,,,,,,,
EPS,,,,,,,,,,,,,,,,,,,,,,,,,,,,,,,,,,,,,,,,,,,,,,,,,,,,,,,,,,,,,,,,,,,,,,,,,,,,,,,,,,,,,,,,,,,,,,,,,,,,,
,EPS,3.35032596535895,1.32042973421286,1.66122062278251,1.80523363393779,5.32603947622385,1.02832507097157,1.2,1.47017050448233,1.04991360092863,0.624299608472489,0.956970018720836,0.860455194126907,0.38,1.33,0.64,0.58,0.779719820715264,1.0454835560895,1.18,1.84,2.25580059146599,1.72,2.29325984194484,1.51,1.51,1.49
,EPSDiluted,3.35032596535895,1.28627929916858,1.6169966499793,1.75545012027199,5.17061480502574,0.99663265096606,1.19,1.41223152775902,0.998958307186425,0.59227710036882,0.906321945539707,0.811415252708833,0.37,1.31,0.62,0.58,0.692672930827669,1.04280177498174,1.17,1.83,2.24926281025157,1.71,2.28139298423996,1.5,1.51,1.48
,weightedAverageShsOut,103692000.0,103692000.0,103439000.0,102682000.0,98439000.0,94404000.0,90743000.0,85335000.0,75811000.0,72281000.0,71578000.0,67971000.0,58803000.0,56444000.0,54489000.0,53732000.0,53323000.0,53272000.0,53226000.0,54228000.0,59175000.0,61443000.0,54791000.0,38770000.0,26111000.0,15503356.0
,weightedAverageShsOutDil,103692000.0,106445000.0,106268000.0,105594000.0,101398000.0,97406000.0,93800000.0,88836000.0,79678000.0,76189000.0,75578000.0,72079000.0,63238000.0,61547000.0,61362000.0,53732000.0,60024000.0,53409000.0,53485000.0,54571000.0,59347000.0,61529000.0,55076000.0,39161000.0,26111000.0,15608108.0
