date,,2020-12-31_FY,2019-12-31_FY,2018-12-31_FY,2017-12-31_FY,2016-12-31_FY,2015-12-31_FY,2014-12-31_FY,2013-12-31_FY,2012-12-31_FY,2011-12-31_FY
,revenue,1031292000.0,1390674000.0,1322417000.0,1407511000.0,1372685000.0,1416059000.0,1372316000.0,1378612000.0,1285641000.0,1295295000.0
,costOfRevenue,644052000.0,844180000.0,725437000.0,790078000.0,802309000.0,824181000.0,824043000.0,846362000.0,831424000.0,920065000.0
,grossProfit,387240000.0,546494000.0,596980000.0,617433000.0,570376000.0,591878000.0,548273000.0,532250000.0,454217000.0,375230000.0
,grossProfitRatio,0.375490161855226,0.392970602743706,0.451430978276898,0.438670106308228,0.415518491132343,0.417975522206349,0.399523870595402,0.386076720643662,0.353300026990427,0.289686905299565
,,,,,,,,,,,,,,,,,,,,,,,,,,,,,,,,,,,,,,,,,,,,,,,,,,,,,,,,,,,,,,,,,,,,,,,,,,,,,,,,,,,,,,,,,,,,,,,,,,,,,
COST And EXPENSES,,,,,,,,,,,,,,,,,,,,,,,,,,,,,,,,,,,,,,,,,,,,,,,,,,,,,,,,,,,,,,,,,,,,,,,,,,,,,,,,,,,,,,,,,,,,,,,,,,,,,
,ResearchAndDevelopmentExpenses,0.0,0.0,0.0,0.0,0.0,0.0,0.0,0.0,0.0,0.0
,GeneralAndAdministrativeExpenses,478101000.0,662606000.0,649295000.0,654860000.0,699544000.0,681124000.0,0.0,10040000.0,0.0,0.0
,SellingAndMarketingExpenses,0.0,0.0,0.0,0.0,0.0,0.0,612535000.0,580887000.0,533462000.0,0.0
,otherExpenses,-856000.0,167000.0,1280000.0,0.0,0.0,0.0,0.0,0.0,0.0,0.0
,operatingExpenses,503686000.0,687916000.0,676228000.0,685608000.0,726294000.0,703162000.0,624705000.0,0.0,0.0,0.0
,costAndExpenses,1147738000.0,1532096000.0,1401665000.0,1475686000.0,1528603000.0,1527343000.0,1448748000.0,1446217000.0,1419701000.0,1625460000.0
,interestExpense,65959000.0,48778000.0,45680000.0,42805000.0,38663000.0,32045000.0,18245000.0,21344000.0,123197000.0,244582000.0
,,,,,,,,,,,,,,,,,,,,,,,,,,,,,,,,,,,,,,,,,,,,,,,,,,,,,,,,,,,,,,,,,,,,,,,,,,,,,,,,,,,,,,,,,,,,,,,,,,,,,
EBITDA,,,,,,,,,,,,,,,,,,,,,,,,,,,,,,,,,,,,,,,,,,,,,,,,,,,,,,,,,,,,,,,,,,,,,,,,,,,,,,,,,,,,,,,,,,,,,,,,,,,,,
,depreciationAndAmortization,25585000.0,25310000.0,26933000.0,30748000.0,26750000.0,22038000.0,12170000.0,18968000.0,54815000.0,67372000.0
,EBITDA,-90861000.0,-116112000.0,-52315000.0,-37427000.0,-129168000.0,-89246000.0,-64262000.0,-48637000.0,-79245000.0,-262793000.0
,EBITDARatio,-0.08810404812604,-0.0834933276957792,-0.0395601387459478,-0.0265909111900369,-0.0940987917839854,-0.0630242101494359,-0.0468274070986566,-0.0352796871055816,-0.0616385133952635,-0.202882740997225
,,,,,,,,,,,,,,,,,,,,,,,,,,,,,,,,,,,,,,,,,,,,,,,,,,,,,,,,,,,,,,,,,,,,,,,,,,,,,,,,,,,,,,,,,,,,,,,,,,,,,
INCOME,,,,,,,,,,,,,,,,,,,,,,,,,,,,,,,,,,,,,,,,,,,,,,,,,,,,,,,,,,,,,,,,,,,,,,,,,,,,,,,,,,,,,,,,,,,,,,,,,,,,,
,operatingIncome,-116446000.0,-141422000.0,-79248000.0,-68175000.0,-155918000.0,-111284000.0,-76432000.0,-67605000.0,-134060000.0,-330165000.0
,operatingIncomeRatio,-0.112912734705593,-0.101693135846359,-0.0599266343369754,-0.0484365663927316,-0.113586146858165,-0.0785871210168503,-0.0556956269547247,-0.0490384531688394,-0.104274832554344,-0.254895602932151
,totalOtherIncomeExpensesNet,-310736000.0,-22589000.0,-9482000.0,-43980000.0,-155469000.0,-10180000.0,-10572000.0,-19890000.0,164175000.0,-1707776000.0
,incomeBeforeTax,-492242000.0,-209632000.0,-131860000.0,-153622000.0,-350050000.0,-153509000.0,-105249000.0,-108839000.0,-93082000.0,-2282523000.0
,incomeBeforeTaxRatio,-0.477306136380385,-0.150741295228069,-0.0997113618472842,-0.109144440078976,-0.255011164251085,-0.108405793826387,-0.0766944348094754,-0.0789482464972015,-0.0724012379816761,-1.76216460343011
,incomeTaxExpense,-12404000.0,4201000.0,5597000.0,-50435000.0,-65492000.0,-19640000.0,6242000.0,2347000.0,-5943000.0,-100153000.0
,netIncome,-479838000.0,-213833000.0,-94155000.0,-103187000.0,-284558000.0,-133869000.0,-111491000.0,-111186000.0,-87139000.0,-2182370000.0
,netIncomeRatio,-0.465278505020886,-0.153762132606204,-0.0711991754491964,-0.0733116828216618,-0.207300291035452,-0.0945363152241538,-0.0812429498745187,-0.0806506834410262,-0.0677786411603239,-1.68484399306722
,,,,,,,,,,,,,,,,,,,,,,,,,,,,,,,,,,,,,,,,,,,,,,,,,,,,,,,,,,,,,,,,,,,,,,,,,,,,,,,,,,,,,,,,,,,,,,,,,,,,,
EPS,,,,,,,,,,,,,,,,,,,,,,,,,,,,,,,,,,,,,,,,,,,,,,,,,,,,,,,,,,,,,,,,,,,,,,,,,,,,,,,,,,,,,,,,,,,,,,,,,,,,,
,EPS,-3.86489300974031,-1.72,-0.76,-0.84,-2.32,-0.98,-0.79,-0.79,-0.623,-15.593305
,EPSDiluted,-3.86489300974031,-1.72,-0.76,-0.84,-2.32,-0.98,-0.79,-0.79,-0.623,-15.593305
,weightedAverageShsOut,124152984.0,124152984.0,123444943.0,122949064.0,122418474.0,136760107.0,140594689.0,139928650.0,139955578.0,139955578.0
,weightedAverageShsOutDil,124152984.0,124152984.0,123444943.0,122949064.0,122418474.0,136760107.0,140594689.0,139928650.0,139955578.0,139955578.0
