Date,2018-12-31,2017-12-31,2016-12-31,2015-12-31,2014-12-31,2013-12-31,2012-12-31,2011-12-31,2010-12-31,2009-12-31
Revenue,436438000.0,505842000.0,535099000.0,423475000.0,285326000.0,264289000.0,287263000.0,142399000.0,92450000.0,-62783000.0
Revenue Growth,-0.1372,-0.0547,0.2636,0.4842,0.0796,-0.08,1.0173,0.5403,2.4725,-1.7673
Cost of Revenue,0.0,0.0,0.0,0.0,0.0,0.0,0.0,0.0,0.0,0.0
Gross Profit,436438000.0,505842000.0,535099000.0,423475000.0,285326000.0,264289000.0,287263000.0,142399000.0,92450000.0,-62783000.0
R&D Expenses,0.0,0.0,0.0,0.0,0.0,0.0,0.0,0.0,0.0,0.0
SG&A Expense,384996000.0,435194000.0,436978000.0,361411000.0,249070000.0,226251000.0,169952000.0,90679000.0,86185000.0,73203000.0
Operating Expenses,390573000.0,439653000.0,444322000.0,366568000.0,252011000.0,229495000.0,183591000.0,126494000.0,126000000.0,92439000.0
Operating Income,45865000.0,66189000.0,90777000.0,56907000.0,33315000.0,34794000.0,103672000.0,15905000.0,-33550000.0,-155222000.0
Interest Expense,0.0,0.0,0.0,0.0,0.0,0.0,0.0,0.0,0.0,0.0
Earnings before Tax,45865000.0,66189000.0,90777000.0,56907000.0,33315000.0,34794000.0,103672000.0,15905000.0,-33550000.0,-157231000.0
Income Tax Expense,5838000.0,-2757000.0,32626000.0,15588000.0,11056000.0,10985000.0,21546000.0,-214000.0,697000.0,-46955000.0
Net Income - Non-Controlling int,0.0,0.0,0.0,0.0,0.0,0.0,0.0,0.0,0.0,0.0
Net Income - Discontinued ops,0.0,0.0,0.0,0.0,0.0,0.0,0.0,0.0,0.0,0.0
Net Income,40027000.0,68946000.0,58151000.0,41319000.0,22259000.0,23809000.0,82126000.0,16119000.0,-34247000.0,-110276000.0
Preferred Dividends,0.0,0.0,0.0,0.0,0.0,0.0,0.0,0.0,0.0,0.0
Net Income Com,40027000.0,68946000.0,58151000.0,41319000.0,22259000.0,23809000.0,82126000.0,16119000.0,-34247000.0,-110276000.0
EPS,1.48,2.57,2.36,1.98,1.5,1.65,6.17,2.98,-6.34,-20.41
EPS Diluted,1.47,2.54,2.34,1.96,1.49,1.61,5.98,2.8,-6.34,-20.41
Weighted Average Shs Out,26991909.0,26888287.0,24836124.0,22076533.0,14856611.0,14425224.0,14327506.0,11933840.0,11933840.0,
Weighted Average Shs Out (Dil),26970916.0,26864657.0,24615990.0,20818045.0,14800689.0,14412059.0,13312939.0,5403498.0,5403498.0,5403498.0
Dividend per Share,0.0,0.0,0.0,0.0,0.11,0.33,0.0,0.0,0.0,0.0
Gross Margin,1.0,1.0,1.0,1.0,1.0,1.0,1.0,1.0,1.0,1.0
EBITDA Margin,0.162,0.176,0.199,0.17,0.178,0.188,0.396,0.153,-0.234,2.155
EBIT Margin,0.1051,0.1308,0.1696,0.1344,0.1168,0.1317,0.3609,0.1117,-0.3629,2.5044
Profit Margin,0.092,0.136,0.109,0.098,0.078,0.09,0.286,0.113,-0.37,1.756
Free Cash Flow margin,0.7847,0.2313,-0.1287,-0.0187,-1.1549,1.0639,-1.4201,0.611,-0.4906,0.4285
EBITDA,70758000.0,88834000.0,106444000.0,71784000.0,50818000.0,49741000.0,113625000.0,21761000.0,-21625000.0,-135273000.0
EBIT,45865000.0,66189000.0,90777000.0,56907000.0,33315000.0,34794000.0,103672000.0,15905000.0,-33550000.0,-157231000.0
Consolidated Income,40027000.0,68946000.0,58151000.0,41319000.0,22259000.0,23809000.0,82126000.0,16119000.0,-34247000.0,-110276000.0
Earnings Before Tax Margin,0.1051,0.1308,0.1696,0.1344,0.1168,0.1317,0.3609,0.1117,-0.3629,2.5044
Net Profit Margin,0.0917,0.1363,0.1087,0.0976,0.078,0.0901,0.2859,0.1132,-0.3704,1.7565
