Date,2018-12-31,2017-12-31,2016-12-31,2015-12-31,2014-12-31,2013-12-31,2012-12-31,2011-12-31,2010-12-31,2009-12-31
Revenue,293557000.0,271633000.0,281450000.0,340120000.0,241171000.0,153870000.0,141323000.0,157354000.0,129236000.0,116334000.0
Revenue Growth,0.0807,-0.0349,-0.1725,0.4103,0.5674,0.0888,-0.1019,0.2176,0.1109,0.6572
Cost of Revenue,215363000.0,190150000.0,192777000.0,237897000.0,169691000.0,94111000.0,79739000.0,77094000.0,72527000.0,65442000.0
Gross Profit,78194000.0,81483000.0,88673000.0,102223000.0,71480000.0,59759000.0,61584000.0,80260000.0,56709000.0,50892000.0
R&D Expenses,1185000.0,854000.0,1673000.0,2039000.0,2362000.0,2360000.0,2453000.0,1132000.0,780000.0,0.0
SG&A Expense,11841000.0,14978000.0,10520000.0,12617000.0,12039000.0,7669000.0,7532000.0,7004000.0,5556000.0,4038000.0
Operating Expenses,58360000.0,55188000.0,65347000.0,59096000.0,51720000.0,28614000.0,26013000.0,22232000.0,18154000.0,12875000.0
Operating Income,19834000.0,26295000.0,23326000.0,43127000.0,19760000.0,31145000.0,35571000.0,58028000.0,38555000.0,38017000.0
Interest Expense,16288000.0,12413000.0,14842000.0,15557000.0,9059000.0,1547000.0,1096000.0,1288000.0,1926000.0,2040000.0
Earnings before Tax,3546000.0,13882000.0,8484000.0,27570000.0,10701000.0,29598000.0,34475000.0,56740000.0,36629000.0,33957000.0
Income Tax Expense,-4075000.0,-19194000.0,-4026000.0,7438000.0,482000.0,7175000.0,10668000.0,20931000.0,14254000.0,13772000.0
Net Income - Non-Controlling int,0.0,0.0,0.0,0.0,0.0,0.0,0.0,0.0,0.0,2020000.0
Net Income - Discontinued ops,0.0,0.0,0.0,0.0,0.0,0.0,0.0,0.0,0.0,0.0
Net Income,7621000.0,33076000.0,12510000.0,20132000.0,10219000.0,22423000.0,23807000.0,35809000.0,22375000.0,20185000.0
Preferred Dividends,0.0,0.0,0.0,0.0,0.0,0.0,0.0,0.0,0.0,0.0
Net Income Com,7621000.0,33076000.0,12510000.0,20132000.0,10219000.0,22423000.0,23807000.0,35809000.0,22375000.0,20185000.0
EPS,0.25,1.08,0.42,0.68,0.34,0.78,0.84,1.27,0.81,0.84
EPS Diluted,0.25,1.08,0.42,0.68,0.34,0.78,0.83,1.25,0.78,0.83
Weighted Average Shs Out,30176990.0,29809898.0,29268053.0,29059000.0,28778000.0,28618000.0,28348000.0,28174674.0,27791021.0,27758023.0
Weighted Average Shs Out (Dil),30074000.0,29661000.0,29260000.0,29031000.0,28776000.0,28595000.0,28331000.0,28135000.0,27790000.0,24017000.0
Dividend per Share,0.16,0.16,0.16,0.16,0.16,0.12,0.8,0.12,0.1,0.0
Gross Margin,0.2664,0.3,0.3151,0.3005,0.2964,0.3884,0.4358,0.5101,0.4388,0.4375
EBITDA Margin,0.218,0.239,0.209,0.256,0.203,0.323,0.365,0.458,0.39,0.385
EBIT Margin,0.0676,0.0968,0.0829,0.1268,0.0819,0.2024,0.2517,0.3688,0.2983,0.3094
Profit Margin,0.026,0.122,0.044,0.059,0.042,0.146,0.168,0.228,0.173,0.174
Free Cash Flow margin,0.0564,0.1386,0.146,0.1867,0.1245,-0.0274,0.1306,0.2601,0.0767,0.0087
EBITDA,64001000.0,64790000.0,58891000.0,87069000.0,49022000.0,49730000.0,51599000.0,72124000.0,50373000.0,44834000.0
EBIT,19834000.0,26295000.0,23326000.0,43127000.0,19760000.0,31145000.0,35571000.0,58028000.0,38555000.0,35997000.0
Consolidated Income,7621000.0,33076000.0,12510000.0,20132000.0,10219000.0,22423000.0,23807000.0,35809000.0,22375000.0,22205000.0
Earnings Before Tax Margin,0.0121,0.0511,0.0301,0.0811,0.0444,0.1924,0.2439,0.3606,0.2834,0.2919
Net Profit Margin,0.026,0.1218,0.0444,0.0592,0.0424,0.1457,0.1685,0.2276,0.1731,0.1735
