date,,2020-12-31_FY,2019-12-31_FY,2018-12-31_FY,2017-12-31_FY,2016-12-31_FY,2015-12-31_FY,2014-12-31_FY,2013-12-31_FY,2012-12-31_FY,2011-12-31_FY,2010-12-31_FY,2009-12-31_FY,2008-12-31_FY,2007-12-31_FY,2006-12-31_FY,2005-12-31_FY,2004-12-31_FY,2003-12-31_FY,2002-12-31_FY,2001-12-31_FY,2000-12-31_FY,1999-12-31_FY,1998-12-31_FY,1997-12-31_FY,1996-12-31_FY,1995-12-31_FY,1994-12-31_FY
,revenue,32637000000.0,36709000000.0,41802000000.0,40534000000.0,39302000000.0,38581000000.0,40306000000.0,39055000000.0,37665000000.0,36529000000.0,33370000000.0,30908000000.0,36556000000.0,34589000000.0,31367000000.0,27653000000.0,25601000000.0,23103000000.0,22274000000.0,23652000000.0,25023000000.0,23735000000.0,15128000000.0,14472000000.0,13971000000.0,14346000000.0,12817000000.0
,costOfRevenue,22169000000.0,24339000000.0,29046000000.0,27575000000.0,27150000000.0,26747000000.0,28957000000.0,28364000000.0,28291000000.0,28556000000.0,25519000000.0,23185000000.0,27994000000.0,26300000000.0,24096000000.0,21465000000.0,20585000000.0,18235000000.0,17615000000.0,20429000000.0,19090000000.0,18495000000.0,11476000000.0,11481000000.0,11606000000.0,11539000000.0,10299000000.0
,grossProfit,10468000000.0,12370000000.0,12756000000.0,12959000000.0,12152000000.0,11834000000.0,11349000000.0,10691000000.0,9374000000.0,7973000000.0,7851000000.0,7723000000.0,8562000000.0,8289000000.0,7271000000.0,6188000000.0,5016000000.0,4868000000.0,4659000000.0,3223000000.0,5933000000.0,5240000000.0,3652000000.0,2991000000.0,2365000000.0,2807000000.0,2518000000.0
,grossProfitRatio,0.320740264117413,0.336974583889509,0.305152863499354,0.319706912715251,0.309195460790799,0.306731292605168,0.281570981987793,0.273742158494431,0.248878268949954,0.218264940184511,0.235271201678154,0.249870583667659,0.234215997373892,0.239642660961577,0.231804125354672,0.223773189165732,0.195929846490371,0.210708565987101,0.209167639400198,0.136267546084898,0.23710186628302,0.22077101327154,0.241406663141195,0.20667495854063,0.169279221244005,0.195664296668061,0.196457829445268
,,,,,,,,,,,,,,,,,,,,,,,,,,,,,,,,,,,,,,,,,,,,,,,,,,,,,,,,,,,,,,,,,,,,,,,,,,,,,,,,,,,,,,,,,,,,,,,,,,,,,
COST And EXPENSES,,,,,,,,,,,,,,,,,,,,,,,,,,,,,,,,,,,,,,,,,,,,,,,,,,,,,,,,,,,,,,,,,,,,,,,,,,,,,,,,,,,,,,,,,,,,,,,,,,,,,
,ResearchAndDevelopmentExpenses,0.0,0.0,0.0,0.0,0.0,0.0,0.0,0.0,0.0,0.0,0.0,0.0,0.0,0.0,0.0,0.0,0.0,0.0,0.0,0.0,0.0,0.0,0.0,0.0,0.0,0.0,0.0
,GeneralAndAdministrativeExpenses,4772000000.0,5519000000.0,6051000000.0,5808000000.0,5469000000.0,5006000000.0,5518000000.0,5190000000.0,5218000000.0,5399000000.0,4717000000.0,4341000000.0,5033000000.0,4565000000.0,4210000000.0,3707000000.0,3316000000.0,2950000000.0,2757000000.0,3064000000.0,3134000000.0,3216000000.0,1690000000.0,1581000000.0,1511000000.0,1503000000.0,1366000000.0
,SellingAndMarketingExpenses,0.0,0.0,0.0,0.0,0.0,0.0,0.0,0.0,0.0,0.0,0.0,0.0,0.0,0.0,0.0,0.0,0.0,0.0,0.0,0.0,0.0,0.0,0.0,0.0,0.0,0.0,0.0
,otherExpenses,437000000.0,639000000.0,1140000000.0,-98000000.0,-201000000.0,-22000000.0,-9000000.0,-8000000.0,-2000000.0,0.0,0.0,0.0,0.0,0.0,0.0,0.0,0.0,0.0,0.0,0.0,0.0,0.0,0.0,0.0,0.0,0.0,0.0
,operatingExpenses,4772000000.0,5519000000.0,6051000000.0,5808000000.0,5469000000.0,5006000000.0,5518000000.0,5190000000.0,5218000000.0,5399000000.0,4717000000.0,4341000000.0,5033000000.0,4565000000.0,4210000000.0,3707000000.0,3316000000.0,2950000000.0,2757000000.0,3064000000.0,3134000000.0,3216000000.0,1690000000.0,1355000000.0,856000000.0,1547000000.0,1366000000.0
,costAndExpenses,26941000000.0,29858000000.0,35097000000.0,33383000000.0,32619000000.0,31753000000.0,34475000000.0,33554000000.0,33509000000.0,33955000000.0,30236000000.0,27526000000.0,33027000000.0,30865000000.0,28306000000.0,25172000000.0,23901000000.0,21185000000.0,20372000000.0,23493000000.0,22224000000.0,21711000000.0,13166000000.0,12836000000.0,12462000000.0,13086000000.0,11665000000.0
,interestExpense,359000000.0,357000000.0,367000000.0,316000000.0,338000000.0,310000000.0,318000000.0,327000000.0,351000000.0,376000000.0,386000000.0,459000000.0,0.0,0.0,0.0,0.0,0.0,0.0,0.0,0.0,0.0,0.0,0.0,0.0,0.0,0.0,0.0
,,,,,,,,,,,,,,,,,,,,,,,,,,,,,,,,,,,,,,,,,,,,,,,,,,,,,,,,,,,,,,,,,,,,,,,,,,,,,,,,,,,,,,,,,,,,,,,,,,,,,
EBITDA,,,,,,,,,,,,,,,,,,,,,,,,,,,,,,,,,,,,,,,,,,,,,,,,,,,,,,,,,,,,,,,,,,,,,,,,,,,,,,,,,,,,,,,,,,,,,,,,,,,,,
,depreciationAndAmortization,1002000000.0,1088000000.0,1116000000.0,1115000000.0,1030000000.0,883000000.0,924000000.0,989000000.0,926000000.0,957000000.0,987000000.0,957000000.0,903000000.0,837000000.0,794000000.0,697000000.0,650000000.0,595000000.0,671000000.0,926000000.0,995000000.0,881000000.0,609000000.0,609000000.0,602000000.0,612000000.0,560000000.0
,EBITDA,6698000000.0,7939000000.0,7821000000.0,8266000000.0,7713000000.0,7711000000.0,6755000000.0,6490000000.0,5082000000.0,3531000000.0,4121000000.0,4339000000.0,4432000000.0,4561000000.0,3855000000.0,3178000000.0,2350000000.0,2513000000.0,2573000000.0,1085000000.0,3794000000.0,2905000000.0,2571000000.0,2245000000.0,2111000000.0,1872000000.0,1712000000.0
,EBITDARatio,0.205227196127095,0.216268490016072,0.187096311181283,0.203927566980806,0.196249554730039,0.199865218630932,0.167592914206322,0.166175905773909,0.134926324173636,0.0966629253469846,0.123494156427929,0.140384366507053,0.121238647554437,0.131862730926017,0.122899862913253,0.114924239684664,0.0917932893246358,0.108773752326538,0.115515848073988,0.0458734990698461,0.151620509131599,0.122393090372867,0.169949762030672,0.155127142067441,0.151098704459237,0.130489335006274,0.133572598892096
,,,,,,,,,,,,,,,,,,,,,,,,,,,,,,,,,,,,,,,,,,,,,,,,,,,,,,,,,,,,,,,,,,,,,,,,,,,,,,,,,,,,,,,,,,,,,,,,,,,,,
INCOME,,,,,,,,,,,,,,,,,,,,,,,,,,,,,,,,,,,,,,,,,,,,,,,,,,,,,,,,,,,,,,,,,,,,,,,,,,,,,,,,,,,,,,,,,,,,,,,,,,,,,
,operatingIncome,5696000000.0,6851000000.0,6705000000.0,7151000000.0,6683000000.0,6828000000.0,5831000000.0,5501000000.0,4156000000.0,2574000000.0,3134000000.0,3382000000.0,3529000000.0,3724000000.0,3061000000.0,2481000000.0,1700000000.0,1918000000.0,1902000000.0,159000000.0,2799000000.0,2024000000.0,1962000000.0,1636000000.0,1509000000.0,1260000000.0,1152000000.0
,operatingIncomeRatio,0.17452584489996,0.186629981748345,0.160399023970145,0.176419795727044,0.170042237036283,0.176978305383479,0.144668287599861,0.140852643707592,0.110341165538298,0.0704645624024747,0.0939166916391969,0.109421508994435,0.0965368202210307,0.107664286333806,0.0975866356361781,0.0897190178280838,0.0664036561071833,0.0830195212742934,0.085391038879411,0.00672247590055809,0.111857091475842,0.0852749104697704,0.129693283976732,0.113045881702598,0.108009448142581,0.0878293601003764,0.089880627291878
,totalOtherIncomeExpensesNet,568000000.0,810000000.0,932000000.0,-84000000.0,-4000000.0,-36000000.0,203000000.0,169000000.0,12000000.0,26000000.0,95000000.0,22000000.0,626000000.0,-28000000.0,17000000.0,198000000.0,191000000.0,-45000000.0,-2563000000.0,-202000000.0,35000000.0,459000000.0,133000000.0,431000000.0,809000000.0,126000000.0,103000000.0
,incomeBeforeTax,6012000000.0,7559000000.0,7487000000.0,6902000000.0,6447000000.0,6586000000.0,5818000000.0,5412000000.0,3875000000.0,2282000000.0,2843000000.0,2978000000.0,3801000000.0,3321000000.0,2798000000.0,2323000000.0,1680000000.0,1640000000.0,-945000000.0,-422000000.0,2398000000.0,2248000000.0,1943000000.0,1716000000.0,1553000000.0,1261000000.0,1111000000.0
,incomeBeforeTaxRatio,0.184208107362809,0.205916805143153,0.179106262858236,0.170276804657818,0.164037453564704,0.170705787823022,0.144345754974445,0.138573806170785,0.102880658436214,0.0624709135207643,0.0851962840875038,0.0963504594279798,0.103977459240617,0.0960131833820001,0.0892020276086333,0.0840053520413698,0.0656224366235694,0.0709864519759339,-0.0424261470773099,-0.0178420429561982,0.0958318347120649,0.0947124499684011,0.128437334743522,0.118573797678275,0.111158829002935,0.0878990659417259,0.0866817507997191
,incomeTaxExpense,1147000000.0,1329000000.0,659000000.0,5204000000.0,1601000000.0,1739000000.0,1489000000.0,1450000000.0,944000000.0,417000000.0,808000000.0,789000000.0,1009000000.0,877000000.0,720000000.0,742000000.0,399000000.0,296000000.0,-725000000.0,-323000000.0,739000000.0,707000000.0,612000000.0,546000000.0,533000000.0,386000000.0,352000000.0
,netIncome,4779000000.0,6143000000.0,6765000000.0,1655000000.0,4809000000.0,4768000000.0,4239000000.0,3924000000.0,2926000000.0,2067000000.0,2022000000.0,2153000000.0,2792000000.0,2444000000.0,2083000000.0,1655000000.0,1281000000.0,1324000000.0,-220000000.0,-99000000.0,1659000000.0,1541000000.0,1331000000.0,1170000000.0,1020000000.0,875000000.0,759000000.0
,netIncomeRatio,0.146428899715047,0.167343158353537,0.161834361992249,0.0408299205605171,0.122360185232304,0.123584147637438,0.105170446087431,0.100473690948662,0.0776848533120935,0.056585178898957,0.0605933473179503,0.0696583408826194,0.0763759711128132,0.0706583017722397,0.0664073708037109,0.0598488409937439,0.0500371079254717,0.0573085746439856,-0.00987698662117267,-0.00418569254185693,0.0662990049154778,0.0649252159258479,0.0879825489159175,0.0808457711442786,0.073008374490015,0.060992611180817,0.0592182257938675
,,,,,,,,,,,,,,,,,,,,,,,,,,,,,,,,,,,,,,,,,,,,,,,,,,,,,,,,,,,,,,,,,,,,,,,,,,,,,,,,,,,,,,,,,,,,,,,,,,,,,
EPS,,,,,,,,,,,,,,,,,,,,,,,,,,,,,,,,,,,,,,,,,,,,,,,,,,,,,,,,,,,,,,,,,,,,,,,,,,,,,,,,,,,,,,,,,,,,,,,,,,,,,
,EPS,6.79,8.52,9.1,2.17,6.29,6.11,5.4,4.99,3.74,2.65,2.61,2.86,3.79,3.2,2.54,1.95,1.49,1.54,-0.27,-0.12,2.07,1.95,2.37,2.07,1.80499999970801,1.54500000019423,1.34000000105929
,EPSDiluted,6.72,8.41,8.98,2.14,6.2,6.04,5.33,4.92,3.69,2.61,2.59,2.85,3.76,3.16,2.52,1.94,1.49,1.54,-0.27,-0.12,2.05,1.9,2.32,2.02,1.80324159194411,1.54264940779893,1.33827029886273
,weightedAverageShsOut,704100000.0,721000000.0,743000000.0,762100000.0,764300000.0,779800000.0,784400000.0,786400000.0,782400000.0,780800000.0,773500000.0,753000000.0,736763174.0,763750000.0,820078740.0,848717949.0,859731544.0,859740260.0,814814815.0,825000000.0,801449275.0,790256410.0,561603376.0,565217391.0,565096953.0,566343042.0,566417910.0
,weightedAverageShsOutDil,711200000.0,730300000.0,753000000.0,772100000.0,775300000.0,789300000.0,795200000.0,797300000.0,791900000.0,791600000.0,781000000.0,756000000.0,743530427.0,773417722.0,826587302.0,853092784.0,859731544.0,859740260.0,814814815.0,825000000.0,809268293.0,811052632.0,573706897.0,579207921.0,565648000.0,567206000.0,567150000.0
