Date,2018-12-31,2017-12-31,2016-12-31,2015-12-31,2014-12-31,2013-12-31,2012-12-31,2011-12-31,2010-12-31,2009-12-31
Revenue,231616000.0,214899000.0,192124000.0,209002000.0,170690000.0,132274000.0,103732000.0,82066000.0,65754000.0,57398000.0
Revenue Growth,0.0778,0.1185,-0.0808,0.2245,0.2904,0.2752,0.264,0.2481,0.1456,0.1124
Cost of Revenue,96014000.0,87208000.0,74966000.0,89386000.0,74145000.0,55605000.0,41658000.0,31066000.0,24191000.0,21343000.0
Gross Profit,135602000.0,127691000.0,117158000.0,119616000.0,96545000.0,76669000.0,62074000.0,51000000.0,41563000.0,36055000.0
R&D Expenses,25735000.0,24148000.0,24234000.0,24214000.0,16463000.0,11757000.0,8610000.0,7473000.0,6989000.0,6285000.0
SG&A Expense,70145000.0,70089000.0,65387000.0,64848000.0,52776000.0,42394000.0,33344000.0,26777000.0,22635000.0,19509000.0
Operating Expenses,120111000.0,118284000.0,109987000.0,106059000.0,80170000.0,62003000.0,48615000.0,39662000.0,34504000.0,30933000.0
Operating Income,15491000.0,9407000.0,7171000.0,13557000.0,16375000.0,14666000.0,13459000.0,11338000.0,7059000.0,5122000.0
Interest Expense,0.0,0.0,0.0,0.0,0.0,0.0,0.0,0.0,0.0,40000.0
Earnings before Tax,35541000.0,11306000.0,6716000.0,13719000.0,16521000.0,14842000.0,13577000.0,11348000.0,7038000.0,5107000.0
Income Tax Expense,3324000.0,1302000.0,2961000.0,5098000.0,6127000.0,6424000.0,5932000.0,4404000.0,2884000.0,-8865000.0
Net Income - Non-Controlling int,0.0,0.0,0.0,0.0,0.0,0.0,0.0,0.0,0.0,0.0
Net Income - Discontinued ops,-18966000.0,-1166000.0,1036000.0,0.0,0.0,0.0,0.0,0.0,0.0,0.0
Net Income,32217000.0,10004000.0,3755000.0,8621000.0,10394000.0,8418000.0,7645000.0,6944000.0,4154000.0,13972000.0
Preferred Dividends,0.0,0.0,0.0,0.0,0.0,0.0,0.0,0.0,0.0,0.0
Net Income Com,32217000.0,10004000.0,3755000.0,8621000.0,10394000.0,8418000.0,7645000.0,6944000.0,4154000.0,13972000.0
EPS,1.0,0.31,0.12,0.29,0.38,0.31,0.29,0.31,0.19,0.65
EPS Diluted,1.0,0.31,0.12,0.28,0.37,0.3,0.28,0.29,0.18,0.64
Weighted Average Shs Out,32325409.0,31896317.0,31739741.0,31645933.0,27634449.0,27256598.0,26224619.0,22211085.0,21805210.0,21573850.0
Weighted Average Shs Out (Dil),32264000.0,31861000.0,31721000.0,30057000.0,27570000.0,26853000.0,26128000.0,22445000.0,21767000.0,21458000.0
Dividend per Share,1.0,0.0,0.0,0.0,0.0,0.0,0.0,0.0,0.0,0.0
Gross Margin,0.5855,0.5942,0.6098,0.5723,0.5656,0.5796,0.5984,0.6215,0.6321,0.6282
EBITDA Margin,0.258,0.165,0.141,0.147,0.161,0.172,0.195,0.204,0.181,0.179
EBIT Margin,0.1534,0.0526,0.035,0.0656,0.0968,0.1122,0.1309,0.1383,0.107,0.0897
Profit Margin,0.139,0.047,0.02,0.041,0.061,0.064,0.074,0.085,0.063,0.243
Free Cash Flow margin,0.1071,0.147,0.0595,0.0936,0.1409,0.1387,0.1328,0.1167,0.1741,0.1481
EBITDA,59772000.0,35353000.0,27082000.0,30716000.0,27452000.0,22694000.0,20238000.0,16760000.0,11918000.0,10286000.0
EBIT,35541000.0,11306000.0,6716000.0,13719000.0,16521000.0,14842000.0,13577000.0,11348000.0,7038000.0,5147000.0
Consolidated Income,32217000.0,10004000.0,3755000.0,8621000.0,10394000.0,8418000.0,7645000.0,6944000.0,4154000.0,13972000.0
Earnings Before Tax Margin,0.1534,0.0526,0.035,0.0656,0.0968,0.1122,0.1309,0.1383,0.107,0.089
Net Profit Margin,0.1391,0.0466,0.0195,0.0412,0.0609,0.0636,0.0737,0.0846,0.0632,0.2434
