Date,2018-12-31,2017-12-31,2016-12-31,2015-12-31,2014-12-31,2013-12-31,2012-12-31,2011-12-31,2010-12-31,2009-12-31
Revenue,2356660.0,630392.0,165910.0,429435.0,363455.0,347139.0,411349.0,1156178.0,19508894.0,8116275.0
Revenue Growth,2.7384,2.7996,-0.6137,0.1815,0.047,-0.1561,-0.6442,-0.9407,1.4037,-0.2359
Cost of Revenue,914269.0,216429.0,97203.0,148067.0,113233.0,81774.0,195381.0,854319.0,8142444.0,4746295.0
Gross Profit,1442391.0,413963.0,68707.0,281368.0,250222.0,265365.0,215968.0,301859.0,11366450.0,3369980.0
R&D Expenses,0.0,0.0,0.0,0.0,0.0,0.0,0.0,0.0,0.0,0.0
SG&A Expense,1422560.0,2128667.0,1691758.0,1541294.0,2356519.0,3417292.0,5027024.0,4952560.0,4896955.0,2768195.0
Operating Expenses,1780382.0,2290156.0,2717538.0,4016139.0,4208564.0,3483278.0,56582664.0,6165099.0,-19100793.0,4668826.0
Operating Income,-337991.0,-1876193.0,-2648831.0,-3734771.0,-3958342.0,-3217913.0,-56366696.0,-5863240.0,30467243.0,-1298846.0
Interest Expense,0.0,171605.0,0.0,0.0,0.0,0.0,0.0,0.0,0.0,0.0
Earnings before Tax,-251336.0,-2037614.0,-2641625.0,-3811341.0,-4350996.0,-3185755.0,-56540526.0,-5906190.0,30383804.0,-1406854.0
Income Tax Expense,0.0,0.0,0.0,18865.0,2183.0,-12274.0,216923.0,-1570816.0,9353864.0,-737406.0
Net Income - Non-Controlling int,0.0,0.0,0.0,0.0,0.0,0.0,0.0,0.0,0.0,0.0
Net Income - Discontinued ops,0.0,0.0,0.0,0.0,0.0,0.0,0.0,0.0,0.0,0.0
Net Income,-251336.0,-2037614.0,-2641625.0,-3830206.0,-4353179.0,-3173481.0,-56757449.0,-4335374.0,21029940.0,-669448.0
Preferred Dividends,238950.0,140232.0,0.0,0.0,0.0,0.0,0.0,0.0,0.0,0.0
Net Income Com,-490286.0,-2177846.0,-2641625.0,-3830206.0,-4353179.0,-3173481.0,-56757449.0,-4335374.0,21029940.0,-669448.0
EPS,-0.01,-0.04,-0.05,-0.07,-0.08,-0.06,-1.46,-0.14,0.68,-0.02
EPS Diluted,-0.01,-0.04,-0.05,-0.07,-0.08,-0.06,-1.46,-0.14,0.66,-0.02
Weighted Average Shs Out,62222777.0,57713964.0,51277388.0,52169945.0,52169945.0,52169945.0,52180045.0,31165230.0,31080772.0,28000772.0
Weighted Average Shs Out (Dil),60616220.0,53879606.0,51472124.0,52159726.0,52169945.0,52175677.0,38799434.0,31138470.0,31070101.0,28214553.0
Dividend per Share,0.0,0.0,0.0,0.0,0.0,0.0,0.0,0.0,0.22,0.035
Gross Margin,0.612,0.6567,0.4141,0.6552,0.6885,0.7644,0.525,0.2611,0.5826,0.4152
EBITDA Margin,0.045,-2.704,-14.097,-7.113,-10.981,-9.105,-137.289,-4.948,1.719,0.061
EBIT Margin,-0.1066,-2.9601,-15.922,-8.8752,-11.9712,-9.1772,-137.4515,-5.1084,1.5574,-0.1733
Profit Margin,-0.208,-3.455,-15.922,-8.919,-11.977,-9.142,-137.979,-3.75,1.078,-0.082
Free Cash Flow margin,-0.0614,-9.723,-9.0795,-4.5407,-14.0665,-3.6812,-67.1615,-15.4941,1.3067,-1.0302
EBITDA,106486.0,-1704520.0,-2338843.0,-3054584.0,-3991099.0,-3160801.0,-56473555.0,-5720259.0,33545170.0,493777.0
EBIT,-251336.0,-1866009.0,-2641625.0,-3811341.0,-4350996.0,-3185755.0,-56540526.0,-5906190.0,30383804.0,-1406854.0
Consolidated Income,-251336.0,-2037614.0,-2641625.0,-3830206.0,-4353179.0,-3173481.0,-56757449.0,-4335374.0,21029940.0,-669448.0
Earnings Before Tax Margin,-0.1066,-3.2323,-15.922,-8.8752,-11.9712,-9.1772,-137.4515,-5.1084,1.5574,-0.1733
Net Profit Margin,-0.1066,-3.2323,-15.922,-8.9192,-11.9772,-9.1418,-137.9788,-3.7497,1.078,-0.0825
