date,,2020-12-31_FY,2019-12-31_FY,2018-12-31_FY,2017-12-31_FY,2016-12-31_FY,2015-12-31_FY,2014-12-31_FY,2013-12-31_FY,2012-12-31_FY,2011-12-31_FY,2010-12-31_FY,2009-12-31_FY,2008-12-31_FY
,revenue,2200429000.0,1300029000.0,1207570000.0,1056231000.0,981120000.0,757044000.0,296955000.0,102995000.0,22978000.0,6939000.0,2376000.0,0.0,0.0
,costOfRevenue,532695000.0,362175000.0,391301000.0,493368000.0,392001000.0,219502000.0,78753000.0,14625000.0,12663000.0,7267000.0,4263000.0,0.0,0.0
,grossProfit,1667734000.0,937854000.0,816269000.0,562863000.0,589119000.0,537542000.0,218202000.0,88370000.0,10315000.0,-328000.0,-1887000.0,0.0,0.0
,grossProfitRatio,0.757913116033283,0.721410060852489,0.675959985756519,0.532897633188195,0.600455601761252,0.710053840992069,0.73479820174774,0.858002815670664,0.448907650796414,-0.0472690589422107,-0.794191919191919,0.0,0.0
,,,,,,,,,,,,,,,,,,,,,,,,,,,,,,,,,,,,,,,,,,,,,,,,,,,,,,,,,,,,,,,,,,,,,,,,,,,,,,,,,,,,,,,,,,,,,,,,,,,,,
COST And EXPENSES,,,,,,,,,,,,,,,,,,,,,,,,,,,,,,,,,,,,,,,,,,,,,,,,,,,,,,,,,,,,,,,,,,,,,,,,,,,,,,,,,,,,,,,,,,,,,,,,,,,,,
,ResearchAndDevelopmentExpenses,209364000.0,103169000.0,82762000.0,224962000.0,60707000.0,41865000.0,17460000.0,10084000.0,16837000.0,15358000.0,17697000.0,10894000.0,22295000.0
,GeneralAndAdministrativeExpenses,0.0,0.0,0.0,0.0,287942000.0,219861000.0,88957000.0,23566000.0,19444000.0,15008000.0,18612000.0,5823000.0,3235000.0
,SellingAndMarketingExpenses,0.0,0.0,0.0,0.0,320366000.0,220444000.0,120276000.0,68595000.0,49561000.0,20314000.0,5558000.0,2072000.0,1337000.0
,otherExpenses,3388000.0,10932000.0,7614000.0,588000.0,66000000.0,-10291000.0,-261196000.0,0.0,-14092000.0,69621000.0,0.0,0.0,0.0
,operatingExpenses,1182591000.0,800280000.0,775247000.0,902325000.0,669015000.0,482170000.0,226693000.0,102245000.0,85842000.0,50680000.0,0.0,0.0,0.0
,costAndExpenses,1715286000.0,1232253000.0,1169659000.0,1396671000.0,1127016000.0,856896000.0,312665000.0,116870000.0,98505000.0,127568000.0,46130000.0,18789000.0,26867000.0
,interestExpense,59616000.0,-87056000.0,-121884000.0,-126783000.0,-87615000.0,-22569000.0,23826000.0,39178000.0,14525000.0,6284000.0,3052000.0,2214000.0,869000.0
,,,,,,,,,,,,,,,,,,,,,,,,,,,,,,,,,,,,,,,,,,,,,,,,,,,,,,,,,,,,,,,,,,,,,,,,,,,,,,,,,,,,,,,,,,,,,,,,,,,,,
EBITDA,,,,,,,,,,,,,,,,,,,,,,,,,,,,,,,,,,,,,,,,,,,,,,,,,,,,,,,,,,,,,,,,,,,,,,,,,,,,,,,,,,,,,,,,,,,,,,,,,,,,,
,depreciationAndAmortization,279451000.0,237157000.0,275729000.0,283244000.0,221665000.0,138343000.0,34009000.0,26555000.0,5538000.0,4438000.0,3799000.0,77000.0,35000.0
,EBITDA,764594000.0,304933000.0,313640000.0,-57196000.0,75769000.0,38491000.0,18299000.0,-16299000.0,-73335000.0,-116203000.0,-39955000.0,-19190000.0,-26329000.0
,EBITDARatio,0.347474969653645,0.234558613692464,0.259728214513444,-0.0541510332493555,0.077227046640574,0.050843808285912,0.0616221312993551,-0.158250400504879,-3.19153102968056,-16.7463611471394,-16.8160774410774,0.0,0.0
,,,,,,,,,,,,,,,,,,,,,,,,,,,,,,,,,,,,,,,,,,,,,,,,,,,,,,,,,,,,,,,,,,,,,,,,,,,,,,,,,,,,,,,,,,,,,,,,,,,,,
INCOME,,,,,,,,,,,,,,,,,,,,,,,,,,,,,,,,,,,,,,,,,,,,,,,,,,,,,,,,,,,,,,,,,,,,,,,,,,,,,,,,,,,,,,,,,,,,,,,,,,,,,
,operatingIncome,485143000.0,67776000.0,37911000.0,-340440000.0,-145896000.0,-99852000.0,-15710000.0,-42854000.0,-78873000.0,-120641000.0,-43754000.0,-18789000.0,-26867000.0
,operatingIncomeRatio,0.220476552526803,0.05213422162121,0.0313944533236169,-0.322315857042636,-0.148703522504892,-0.131897221297573,-0.0529036385984408,-0.416078450410214,-3.43254417268692,-17.385934572705,-18.4149831649832,0.0,0.0
,totalOtherIncomeExpensesNet,-23882000.0,-944000.0,841000.0,447000.0,6697000.0,-10291000.0,-11251000.0,-107272000.0,-14092000.0,-7307000.0,19053000.0,478000.0,-503000.0
,incomeBeforeTax,401645000.0,-20224000.0,-83132000.0,-458811000.0,-226814000.0,-132712000.0,-269687000.0,-150126000.0,-92965000.0,-127948000.0,-27725000.0,0.0,0.0
,incomeBeforeTaxRatio,0.182530315679352,-0.0155565760456113,-0.0688423859486407,-0.434385091897511,-0.231178652968037,-0.175302888603569,-0.908174639255106,-1.45760473809408,-4.04582644268431,-18.4389681510304,-11.668771043771,0.0,0.0
,incomeTaxExpense,11849000.0,-593244000.0,-44959000.0,-102749000.0,-61251000.0,-172244000.0,-6084000.0,-1121000.0,-5171000.0,-14683000.0,-660000.0,0.0,0.0
,netIncome,389796000.0,573020000.0,-38380000.0,-350125000.0,-165563000.0,39532000.0,-263603000.0,-149005000.0,-87794000.0,-113265000.0,-27065000.0,-20500000.0,-27899000.0
,netIncomeRatio,0.177145456635956,0.440774782716386,-0.0317828366057454,-0.331485252752476,-0.168748980756686,0.0522188934857155,-0.887686686534997,-1.4467207145978,-3.82078509879015,-16.3229571984436,-11.3909932659933,0.0,0.0
,,,,,,,,,,,,,,,,,,,,,,,,,,,,,,,,,,,,,,,,,,,,,,,,,,,,,,,,,,,,,,,,,,,,,,,,,,,,,,,,,,,,,,,,,,,,,,,,,,,,,
EPS,,,,,,,,,,,,,,,,,,,,,,,,,,,,,,,,,,,,,,,,,,,,,,,,,,,,,,,,,,,,,,,,,,,,,,,,,,,,,,,,,,,,,,,,,,,,,,,,,,,,,
,EPS,1.89936645879322,2.79217,-0.23099,-2.14639,-1.03026,0.25353,-3.14746,-0.00234,-0.00226,-0.01256,-18.102153,-11.377636,-18.659966
,EPSDiluted,1.89936645879322,2.79217,-0.23099,-2.14639,-1.03026,0.25353,-3.14746,-0.00234,-0.00226,-0.01256,-18.102153,-11.377636,-18.659966
,weightedAverageShsOut,205224220.0,205224220.0,166155410.0,163122660.0,160699540.0,155923250.0,83751130.0,63657924000.0,38871422000.0,9014968000.0,1495126.0,1495126.0,1495126.0
,weightedAverageShsOutDil,205224220.0,205224220.0,166155410.0,163122660.0,160699540.0,155923250.0,83751130.0,63657924000.0,38871422000.0,9014968000.0,1495126.0,1495126.0,1495126.0
