Date,2018-12-31,2017-12-31,2016-12-31,2015-12-31,2014-12-31,2013-12-31,2012-12-31,2011-12-31,2010-12-31,2009-12-31
Revenue,27126000.0,0.0,0.0,2340566000.0,-38000.0,0.0,0.0,0.0,136701000.0,95006000.0
Revenue Growth,0.0,0.0,-1,-61594.8421052632,0.0,0.0,0.0,-1,0.438867018925121,0.0605
Cost of Revenue,0.0,0.0,0.0,0.0,0.0,0.0,0.0,0.0,0.0,0.0
Gross Profit,0.0,0.0,0.0,0.0,0.0,0.0,0.0,0.0,136701000.0,95006000.0
R&D Expenses,0.0,0.0,0.0,0.0,0.0,0.0,0.0,0.0,0.0,0.0
SG&A Expense,62078000.0,55089000.0,49579000.0,48186000.0,47221000.0,47924000.0,53983000.0,50484000.0,88520000.0,94124000.0
Operating Expenses,62078000.0,55089000.0,49579000.0,48186000.0,47221000.0,47924000.0,53983000.0,50484000.0,155000000.0,188443000.0
Operating Income,49133000.0,38438000.0,32901000.0,29380000.0,25216000.0,22658000.0,26198000.0,-20412000.0,-18299000.0,-93437000.0
Interest Expense,17491000.0,9123000.0,6882000.0,5856000.0,7299000.0,9162000.0,13143000.0,20193000.0,0.0,0.0
Earnings before Tax,49133000.0,38438000.0,32901000.0,29380000.0,25216000.0,22658000.0,26198000.0,-20412000.0,-18299000.0,-93437000.0
Income Tax Expense,9294000.0,17963000.0,10135000.0,9363000.0,7195000.0,-54851000.0,0.0,-212000.0,-1590000.0,-3210000.0
Net Income - Non-Controlling int,0.0,0.0,0.0,0.0,0.0,0.0,0.0,0.0,0.0,0.0
Net Income - Discontinued ops,0.0,0.0,0.0,0.0,0.0,0.0,0.0,0.0,0.0,0.0
Net Income,39839000.0,20475000.0,22766000.0,20017000.0,18021000.0,77509000.0,26198000.0,-20200000.0,-16709000.0,-90227000.0
Preferred Dividends,0.0,0.0,0.0,0.0,0.0,-3001000.0,4347000.0,4157000.0,4095000.0,4301000.0
Net Income Com,39839000.0,20475000.0,22766000.0,20017000.0,18021000.0,77509000.0,26198000.0,-20200000.0,-20804000.0,-94528000.0
EPS,1.7,0.96,1.06,0.88,0.79,5.87,2.51,-2.94,-4.09,-39.6
EPS Diluted,1.68,0.95,1.05,0.86,0.77,3.55,0.8,-2.94,-4.09,-39.6
Weighted Average Shs Out,23412000.0,21327000.0,21378000.0,22716000.0,22927000.0,13970.0,8709.0,0.0,7515360.0,2402913.0
Weighted Average Shs Out (Dil),23412000.0,21327000.0,21378000.0,22716000.0,22927000.0,13970.0,8709.0,0.0,7515360.0,2402913.0
Dividend per Share,0.600333162481,0.420124724528,0.340256338292,0.259552738158,0.18009333973,0.0,0.0,0.0,0.0,0.0
Gross Margin,0.0,0.0,0.0,0.0,-0.0,0.0,0.0,0.0,1.0,1.0
EBITDA Margin,2.03369461034,0.0,0.0,0.0144977753244,-742.894736842,0.0,0.0,0.0,-0.337,-1.44
EBIT Margin,1.81128806311,0.0,0.0,0.0125525193479,-663.578947368,0.0,0.0,0.0,-0.1339,-0.9835
Profit Margin,1.46866474969,0.0,0.0,0.00855220489403,-474.236842105,0.0,0.0,0.0,-0.152,-0.995
Free Cash Flow margin,1.51364005014,0.0,0.0,0.00840864987358,-230.868421053,0.0,0.0,0.0,-0.0519,-0.0381
EBITDA,55166000.0,45395000.0,38117000.0,33933000.0,28230000.0,20461000.0,21480000.0,-31713000.0,-46019000.0,-136774000.0
EBIT,49133000.0,38438000.0,32901000.0,29380000.0,25216000.0,22658000.0,26198000.0,-20412000.0,-18299000.0,-93437000.0
Consolidated Income,39839000.0,20475000.0,22766000.0,20017000.0,18021000.0,77509000.0,26198000.0,-20200000.0,-16709000.0,-90227000.0
Earnings Before Tax Margin,1.81128806311,0.0,0.0,0.0125525193479,-663.578947368,0.0,0.0,0.0,-0.1339,-0.9835
Net Profit Margin,1.46866474969,0.0,0.0,0.00855220489403,-474.236842105,0.0,0.0,0.0,-0.1222,-0.9497
