Date,2018-12-31,2017-12-31,2016-12-31,2015-12-31,2014-12-31,2013-12-31,2012-12-31,2011-12-31,2010-12-31,2009-12-31
Revenue,25621000.0,28102000.0,26338000.0,41554000.0,43924000.0,33067000.0,28275000.0,0.0,24575000.0,28109000.0
Revenue Growth,-0.0882855312789125,0.0669754727010403,-0.366174134860663,-0.0539568345323741,0.328333383736051,0.1694783377542,0.0,-1,-0.125724856807428,-0.2503
Cost of Revenue,6191000.0,9926000.0,7820000.0,12204000.0,12697000.0,9982000.0,8244000.0,0.0,4882000.0,6300000.0
Gross Profit,19430000.0,18176000.0,18518000.0,29350000.0,31227000.0,23085000.0,20031000.0,0.0,19693000.0,21809000.0
R&D Expenses,9445000.0,9327000.0,9518000.0,9163000.0,8159000.0,7694000.0,0.0,0.0,6596000.0,7217000.0
SG&A Expense,17810000.0,18380000.0,17854000.0,21192000.0,20512000.0,17167000.0,0.0,0.0,19639000.0,16714000.0
Operating Expenses,27560000.0,32344000.0,28488000.0,59429000.0,30412000.0,24861000.0,0.0,0.0,26235000.0,23931000.0
Operating Income,-8130000.0,-14168000.0,-9970000.0,-30079000.0,815000.0,-1776000.0,-5412000.0,0.0,-6542000.0,-2122000.0
Interest Expense,504000.0,124000.0,63000.0,650000.0,2640000.0,3277000.0,0.0,0.0,0.0,9000.0
Earnings before Tax,-8975000.0,-14274000.0,-10023000.0,-32431000.0,-856000.0,-7482000.0,0.0,0.0,-6194000.0,-2012000.0
Income Tax Expense,42000.0,-18000.0,76000.0,16000.0,153000.0,126000.0,43000.0,0.0,30000.0,-44000.0
Net Income - Non-Controlling int,0.0,0.0,0.0,0.0,0.0,0.0,0.0,0.0,0.0,0.0
Net Income - Discontinued ops,0.0,0.0,0.0,0.0,0.0,0.0,0.0,0.0,0.0,0.0
Net Income,-9017000.0,-14256000.0,-10099000.0,-32447000.0,-1009000.0,-7608000.0,-5412000.0,0.0,-6224000.0,-1968000.0
Preferred Dividends,0.0,0.0,0.0,0.0,0.0,0.0,0.0,0.0,0.0,0.0
Net Income Com,-9017000.0,-14256000.0,-10099000.0,-32447000.0,-1009000.0,-7608000.0,-5412000.0,0.0,-6224000.0,-1968000.0
EPS,-0.54,-0.87,-0.63,-2.07,-0.07,-0.7,0.0,0.0,-0.68,-0.2
EPS Diluted,-0.54,-0.87,-0.63,-2.07,-0.07,-0.7,0.0,0.0,-0.68,-0.2
Weighted Average Shs Out,16685000.0,16343000.0,15932000.0,15686000.0,14096000.0,10842000.0,0.0,0.0,9193474.0,9131140.0
Weighted Average Shs Out (Dil),16685000.0,16343000.0,15932000.0,15686000.0,14096000.0,10842000.0,0.0,0.0,9166000.0,9102400.0
Dividend per Share,0.0,0.0,0.0,0.0,0.0,0.0,0.0,0.0,0.0,0.0
Gross Margin,0.758362280941,0.646786705573,0.703090591541,0.706309861866,0.710932519807,0.698128043064,0.708435013263,0.0,0.8013,0.7759
EBITDA Margin,-0.283049061317,-0.450252651057,-0.288784266079,-0.631563748376,0.131886895547,0.0537091359966,-0.191405835544,0.0,-0.185,-0.003
EBIT Margin,-0.317317825221,-0.50416340474,-0.378540511808,-0.723853299321,0.018554776432,-0.0537091359966,-0.191405835544,0.0,-0.252,-0.0713
Profit Margin,-0.351937863471,-0.507294854459,-0.383438378009,-0.78083938971,-0.0229714962207,-0.230078325823,-0.191405835544,0.0,-0.253,-0.07
Free Cash Flow margin,-0.16267905234,-0.274962636111,-0.220783658592,-0.0681522837753,0.0453055277297,-0.0596364955998,0.0,0.0,-0.0047,0.1163
EBITDA,-7252000.0,-12653000.0,-7606000.0,-26244000.0,5793000.0,1776000.0,-5412000.0,0.0,-4551000.0,-82000.0
EBIT,-8130000.0,-14168000.0,-9970000.0,-30079000.0,815000.0,-1776000.0,-5412000.0,0.0,-6194000.0,-2003000.0
Consolidated Income,-9017000.0,-14256000.0,-10099000.0,-32447000.0,-1009000.0,-7608000.0,-5412000.0,0.0,-6224000.0,-1968000.0
Earnings Before Tax Margin,-0.350298583193,-0.507935378265,-0.380552813425,-0.780454348559,-0.0194882069028,-0.226267880364,0.0,0.0,-0.252,-0.0716
Net Profit Margin,-0.351937863471,-0.507294854459,-0.383438378009,-0.78083938971,-0.0229714962207,-0.230078325823,-0.191405835544,0.0,-0.2533,-0.07
