date,,2020-12-31_FY,2019-12-31_FY,2018-12-31_FY,2017-12-31_FY,2016-12-31_FY,2015-12-31_FY,2014-12-31_FY,2013-12-31_FY,2012-12-31_FY,2011-12-31_FY,2010-12-31_FY,2009-12-31_FY,2008-12-31_FY,2007-12-31_FY,2006-12-31_FY,2005-12-31_FY,2004-12-31_FY,2003-12-31_FY,2002-12-31_FY,2001-12-31_FY,2000-12-31_FY,1999-12-31_FY,1998-12-31_FY,1997-12-31_FY,1996-12-31_FY,1995-12-31_FY,1994-12-31_FY,1993-12-31_FY,1992-12-31_FY,1991-12-31_FY
,revenue,1271004000.0,1266208000.0,1400040000.0,1292613000.0,379372000.0,341668000.0,309260000.0,313716000.0,316869000.0,302195000.0,284582000.0,231513000.0,204726000.0,188138000.0,201613000.0,157532000.0,75550000.0,107354000.0,87807000.0,69055000.0,56191000.0,47000000.0,39800000.0,30400000.0,24600000.0,21300000.0,16500000.0,11400000.0,10200000.0,7500000.0
,costOfRevenue,809507000.0,794344000.0,830012000.0,866518000.0,177974000.0,160871000.0,157859000.0,158984000.0,160359000.0,159841000.0,153989000.0,122695000.0,114910000.0,109895000.0,120929000.0,88128000.0,39853000.0,48444000.0,36464000.0,28932000.0,19175000.0,16000000.0,14300000.0,10700000.0,8400000.0,8500000.0,7700000.0,3900000.0,3000000.0,2200000.0
,grossProfit,461497000.0,471864000.0,570028000.0,426095000.0,201398000.0,180797000.0,151401000.0,154732000.0,156510000.0,142354000.0,130593000.0,108818000.0,89816000.0,78243000.0,80684000.0,69404000.0,35697000.0,58910000.0,51343000.0,40123000.0,37016000.0,31000000.0,25500000.0,19700000.0,16200000.0,12800000.0,8800000.0,7500000.0,7200000.0,5300000.0
,grossProfitRatio,0.363096418264616,0.372659152366752,0.407151224250736,0.329638491953895,0.530872072793986,0.529159886205322,0.489558947164198,0.493223170000893,0.493926512217983,0.47106669534572,0.45889409730763,0.470029760747777,0.438713206920469,0.415880895938088,0.400192447907625,0.44057080466191,0.472495036399735,0.548745272649366,0.584725591353764,0.581029614075737,0.658753181114413,0.659574468085106,0.64070351758794,0.648026315789474,0.658536585365854,0.60093896713615,0.533333333333333,0.657894736842105,0.705882352941177,0.706666666666667
,,,,,,,,,,,,,,,,,,,,,,,,,,,,,,,,,,,,,,,,,,,,,,,,,,,,,,,,,,,,,,,,,,,,,,,,,,,,,,,,,,,,,,,,,,,,,,,,,,,,,
COST And EXPENSES,,,,,,,,,,,,,,,,,,,,,,,,,,,,,,,,,,,,,,,,,,,,,,,,,,,,,,,,,,,,,,,,,,,,,,,,,,,,,,,,,,,,,,,,,,,,,,,,,,,,,
,ResearchAndDevelopmentExpenses,42948000.0,48611000.0,52867000.0,51253000.0,12955000.0,15714000.0,18332000.0,12407000.0,10630000.0,8588000.0,4678000.0,2645000.0,4822000.0,8111000.0,7659000.0,4817000.0,3376000.0,1757000.0,1472000.0,1188000.0,1480000.0,1200000.0,1000000.0,1300000.0,0.0,0.0,0.0,0.0,0.0,0.0
,GeneralAndAdministrativeExpenses,283953000.0,276982000.0,328146000.0,303953000.0,89426000.0,83216000.0,88939000.0,90376000.0,84604000.0,85287000.0,76636000.0,68205000.0,53611000.0,45484000.0,44245000.0,36992000.0,26409000.0,23029000.0,19871000.0,16816000.0,14302000.0,12500000.0,12100000.0,8500000.0,8200000.0,0.0,0.0,0.0,0.0,0.0
,SellingAndMarketingExpenses,0.0,0.0,0.0,0.0,0.0,0.0,0.0,0.0,0.0,0.0,0.0,0.0,0.0,0.0,0.0,0.0,0.0,0.0,0.0,0.0,0.0,0.0,0.0,0.0,0.0,0.0,0.0,0.0,0.0,0.0
,otherExpenses,1085000.0,7896000.0,1471000.0,-2482000.0,767000.0,1134000.0,755000.0,765000.0,563000.0,0.0,0.0,0.0,0.0,0.0,0.0,0.0,0.0,0.0,0.0,0.0,0.0,0.0,0.0,0.0,0.0,0.0,0.0,0.0,0.0,0.0
,operatingExpenses,326901000.0,325593000.0,381013000.0,355206000.0,102381000.0,98930000.0,107271000.0,102783000.0,95234000.0,93875000.0,81314000.0,70850000.0,58433000.0,53595000.0,49811000.0,41809000.0,29785000.0,24786000.0,21343000.0,18004000.0,20394000.0,17600000.0,15500000.0,11900000.0,10200000.0,7400000.0,5000000.0,3300000.0,2500000.0,1300000.0
,costAndExpenses,1136408000.0,1119937000.0,1211025000.0,1221724000.0,280355000.0,259801000.0,265130000.0,261767000.0,255593000.0,253716000.0,235303000.0,193545000.0,173343000.0,163490000.0,170740000.0,129937000.0,69638000.0,73230000.0,57807000.0,46936000.0,39569000.0,33600000.0,29800000.0,22600000.0,18600000.0,15900000.0,12700000.0,7200000.0,5500000.0,3500000.0
,interestExpense,1753000.0,549000.0,709000.0,2047000.0,0.0,0.0,0.0,0.0,0.0,0.0,0.0,0.0,0.0,0.0,0.0,0.0,0.0,0.0,0.0,0.0,0.0,0.0,0.0,0.0,0.0,0.0,0.0,500000.0,0.0,0.0
,,,,,,,,,,,,,,,,,,,,,,,,,,,,,,,,,,,,,,,,,,,,,,,,,,,,,,,,,,,,,,,,,,,,,,,,,,,,,,,,,,,,,,,,,,,,,,,,,,,,,
EBITDA,,,,,,,,,,,,,,,,,,,,,,,,,,,,,,,,,,,,,,,,,,,,,,,,,,,,,,,,,,,,,,,,,,,,,,,,,,,,,,,,,,,,,,,,,,,,,,,,,,,,,
,depreciationAndAmortization,94847000.0,85210000.0,74735000.0,66569000.0,19050000.0,18073000.0,19447000.0,19506000.0,19001000.0,18294000.0,17345000.0,15671000.0,14220000.0,11796000.0,11231000.0,9698000.0,8598000.0,7361000.0,5288000.0,5034000.0,4612000.0,3900000.0,2400000.0,2100000.0,2000000.0,1800000.0,1100000.0,500000.0,200000.0,100000.0
,EBITDA,229443000.0,231481000.0,263750000.0,137458000.0,118067000.0,99940000.0,63577000.0,71455000.0,80277000.0,66773000.0,66624000.0,53639000.0,45603000.0,36444000.0,42104000.0,37293000.0,14510000.0,41485000.0,35288000.0,27153000.0,21234000.0,17300000.0,12400000.0,9900000.0,8000000.0,7200000.0,4900000.0,4700000.0,4900000.0,4100000.0
,EBITDARatio,0.180521068383734,0.182814355935202,0.188387474643582,0.106341186418518,0.311216958552555,0.292506175585656,0.205577830951303,0.227769702533502,0.253344442024938,0.220959976174325,0.234111785003971,0.231688933234851,0.222751384777703,0.193708873273873,0.208835739758845,0.236732854277226,0.192058239576439,0.386431805056169,0.401881398977303,0.393208312214901,0.377889697638412,0.368085106382979,0.311557788944724,0.325657894736842,0.32520325203252,0.338028169014085,0.296969696969697,0.412280701754386,0.480392156862745,0.546666666666667
,,,,,,,,,,,,,,,,,,,,,,,,,,,,,,,,,,,,,,,,,,,,,,,,,,,,,,,,,,,,,,,,,,,,,,,,,,,,,,,,,,,,,,,,,,,,,,,,,,,,,
INCOME,,,,,,,,,,,,,,,,,,,,,,,,,,,,,,,,,,,,,,,,,,,,,,,,,,,,,,,,,,,,,,,,,,,,,,,,,,,,,,,,,,,,,,,,,,,,,,,,,,,,,
,operatingIncome,134596000.0,146271000.0,189015000.0,70889000.0,99017000.0,81867000.0,44130000.0,51949000.0,61276000.0,48479000.0,49279000.0,37968000.0,31383000.0,24648000.0,30873000.0,27595000.0,5912000.0,34124000.0,30000000.0,22119000.0,16622000.0,13400000.0,10000000.0,7800000.0,6000000.0,5400000.0,3800000.0,4200000.0,4700000.0,4000000.0
,operatingIncomeRatio,0.10589738505937,0.115518935277616,0.135006856946944,0.0548416269989548,0.261002393429141,0.239609796644696,0.142695466597685,0.165592446671512,0.193379598509163,0.160422905739671,0.173162743954291,0.163999429837633,0.153292693649072,0.131010215905346,0.153130006497597,0.17517075895691,0.0782528127068167,0.317864262160702,0.34165840992176,0.320309897907465,0.295812496663167,0.285106382978723,0.251256281407035,0.256578947368421,0.24390243902439,0.253521126760563,0.23030303030303,0.368421052631579,0.46078431372549,0.533333333333333
,totalOtherIncomeExpensesNet,-35349000.0,-31015000.0,-165932000.0,-17559000.0,-13853000.0,-12168000.0,-4338000.0,765000.0,563000.0,17943000.0,129000.0,1181000.0,4695000.0,8698000.0,6555000.0,2721000.0,1579000.0,1123000.0,1432000.0,1988000.0,2096000.0,1400000.0,1400000.0,1300000.0,1300000.0,700000.0,600000.0,500000.0,200000.0,-2800000.0
,incomeBeforeTax,97494000.0,114707000.0,22374000.0,51283000.0,85164000.0,69699000.0,39792000.0,52714000.0,61839000.0,66422000.0,49408000.0,39149000.0,36078000.0,33346000.0,35335000.0,30316000.0,7491000.0,35247000.0,31432000.0,24107000.0,18718000.0,14800000.0,11400000.0,9200000.0,7200000.0,6200000.0,4400000.0,4100000.0,4800000.0,1100000.0
,incomeBeforeTaxRatio,0.076706288886581,0.0905909613586393,0.0159809719722294,0.0396739008504479,0.224486783421022,0.203996277087699,0.128668434327103,0.168030957936478,0.19515635799021,0.219798474494945,0.173616040367978,0.169100655254781,0.176225784707365,0.177242237081291,0.175261515874472,0.192443440062971,0.0991528788881535,0.328324980904298,0.357966904688692,0.349098544638332,0.333113843853998,0.314893617021277,0.28643216080402,0.302631578947368,0.292682926829268,0.291079812206573,0.266666666666667,0.359649122807018,0.470588235294118,0.146666666666667
,incomeTaxExpense,10624000.0,13672000.0,-6419000.0,-17361000.0,22080000.0,24714000.0,13457000.0,12296000.0,20558000.0,21753000.0,18479000.0,12592000.0,11778000.0,10337000.0,10240000.0,10459000.0,-109000.0,12950000.0,11750000.0,8720000.0,6930000.0,5400000.0,4200000.0,3500000.0,2500000.0,2000000.0,1500000.0,1100000.0,800000.0,200000.0
,netIncome,86870000.0,101035000.0,28793000.0,68644000.0,63084000.0,44985000.0,26335000.0,40418000.0,41281000.0,44669000.0,30929000.0,26557000.0,24300000.0,23079000.0,25660000.0,20274000.0,5000000.0,22297000.0,19682000.0,15387000.0,11788000.0,9400000.0,7200000.0,5700000.0,4700000.0,4200000.0,2900000.0,3300000.0,4900000.0,3000000.0
,netIncomeRatio,0.0683475425726434,0.0797933672824686,0.0205658409759721,0.0531048349351275,0.166285334711049,0.131662900827704,0.0851548858565608,0.128836272297237,0.130277811966459,0.147815152467777,0.108682207588674,0.114710621001844,0.118695231675508,0.122670592862686,0.127273538908701,0.128697661427519,0.0661813368630046,0.207696033682955,0.224150694136003,0.222822387951633,0.209784485059885,0.2,0.180904522613065,0.1875,0.191056910569106,0.197183098591549,0.175757575757576,0.289473684210526,0.480392156862745,0.4
,,,,,,,,,,,,,,,,,,,,,,,,,,,,,,,,,,,,,,,,,,,,,,,,,,,,,,,,,,,,,,,,,,,,,,,,,,,,,,,,,,,,,,,,,,,,,,,,,,,,,
EPS,,,,,,,,,,,,,,,,,,,,,,,,,,,,,,,,,,,,,,,,,,,,,,,,,,,,,,,,,,,,,,,,,,,,,,,,,,,,,,,,,,,,,,,,,,,,,,,,,,,,,
,EPS,4.16,4.9,1.41,3.5,3.9,2.84,1.72,2.75,2.9,3.23,2.27,1.8,1.72,1.62,1.78,1.47,0.37,1.62,1.43,1.2,0.946667,0.773333,0.6,0.47820829948122,0.36,0.35351,0.27347,0.32016,0.4669,0.36018
,EPSDiluted,4.02,4.69,1.33,3.29,3.66,2.73,1.68,2.65,2.8,3.15,2.23,1.77,1.67,1.51,1.64,1.35,0.33,1.48,1.28,1.066667,0.866667,0.72,0.573333,0.473284894423425,0.36,0.34684,0.2668,0.30682,0.4669,0.36018
,weightedAverageShsOut,20907000.0,20629000.0,20394000.0,19614000.0,16168000.0,15848000.0,15282000.0,14688000.0,14223000.0,13835000.0,13611000.0,14720000.0,14144245.0,14281696.0,14411699.0,13810516.0,13691139.0,13752732.0,13792760.0,12840556.0,12495103.0,12232288.0,11984301.0,11919492.0,13262343.0,11880852.0,10604454.0,10307346.0,10494753.0,8329169.0
,weightedAverageShsOutDil,20948000.0,21545000.0,21601000.0,20858000.0,17254000.0,16496000.0,15647000.0,15274000.0,14725000.0,14161000.0,13855000.0,14984000.0,14564893.0,15265108.0,15599132.0,15039890.0,14960378.0,15050437.0,15352419.0,14454087.0,13588279.0,13035664.0,12633919.0,12043486.0,13262343.0,12109330.0,10869565.0,10755492.0,10494753.0,8329169.0
