date,,2015-02-28_FY,2014-02-28_FY,2013-02-28_FY,2012-02-29_FY,2011-02-28_FY,2010-02-28_FY,2009-02-28_FY,2008-02-29_FY,2007-02-28_FY,2006-02-28_FY,2005-02-28_FY,2004-02-29_FY,2003-02-28_FY
,revenue,145757900.0,81667770.0,86992410.0,102307440.0,102381510.0,92400000.0,114100000.0,109000000.0,73000000.0,43200000.0,23100000.0,14100000.0,14800000.0
,costOfRevenue,9655470.0,6333740.0,7043100.0,5693270.0,4778520.0,3900000.0,4200000.0,3500000.0,2400000.0,1600000.0,900000.0,600000.0,600000.0
,grossProfit,136102430.0,75334030.0,78221610.0,94642540.0,96855900.0,86800000.0,102100000.0,104700000.0,70300000.0,41600000.0,22200000.0,13500000.0,14300000.0
,grossProfitRatio,0.933756798087788,0.922445047783232,0.899177410994821,0.925079740046276,0.946029219533879,0.939393939393939,0.894829097283085,0.960550458715596,0.963013698630137,0.962962962962963,0.961038961038961,0.957446808510638,0.966216216216216
,,,,,,,,,,,,,,,,,,,,,,,,,,,,,,,,,,,,,,,,,,,,,,,,,,,,,,,,,,,,,,,,,,,,,,,,,,,,,,,,,,,,,,,,,,,,,,,,,,,,,
COST And EXPENSES,,,,,,,,,,,,,,,,,,,,,,,,,,,,,,,,,,,,,,,,,,,,,,,,,,,,,,,,,,,,,,,,,,,,,,,,,,,,,,,,,,,,,,,,,,,,,,,,,,,,,
,ResearchAndDevelopmentExpenses,0.0,0.0,0.0,0.0,0.0,0.0,0.0,0.0,0.0,0.0,0.0,0.0,0.0
,GeneralAndAdministrativeExpenses,0.0,0.0,0.0,0.0,0.0,0.0,0.0,0.0,0.0,0.0,0.0,0.0,0.0
,SellingAndMarketingExpenses,0.0,0.0,0.0,0.0,0.0,0.0,0.0,0.0,0.0,0.0,0.0,0.0,0.0
,otherExpenses,0.0,0.0,0.0,0.0,0.0,0.0,0.0,0.0,0.0,0.0,0.0,0.0,0.0
,operatingExpenses,0.0,0.0,0.0,0.0,0.0,0.0,0.0,0.0,0.0,0.0,0.0,0.0,0.0
,costAndExpenses,9655470.0,6333740.0,7043100.0,5693270.0,4778520.0,3900000.0,4200000.0,3500000.0,2400000.0,1600000.0,900000.0,600000.0,600000.0
,interestExpense,184432080.0,-221975360.0,90010900.0,396887070.0,94772020.0,-65000000.0,120600000.0,207300000.0,22900000.0,-25200000.0,-16400000.0,-100000.0,29900000.0
,,,,,,,,,,,,,,,,,,,,,,,,,,,,,,,,,,,,,,,,,,,,,,,,,,,,,,,,,,,,,,,,,,,,,,,,,,,,,,,,,,,,,,,,,,,,,,,,,,,,,
EBITDA,,,,,,,,,,,,,,,,,,,,,,,,,,,,,,,,,,,,,,,,,,,,,,,,,,,,,,,,,,,,,,,,,,,,,,,,,,,,,,,,,,,,,,,,,,,,,,,,,,,,,
,depreciationAndAmortization,0.0,0.0,0.0,0.0,0.0,0.0,0.0,0.0,0.0,0.0,0.0,0.0,0.0
,EBITDA,504966590.0,-368616690.0,259971100.0,890388310.0,287147030.0,-41600000.0,351100000.0,520000000.0,116400000.0,-8800000.0,-10600000.0,13300000.0,74000000.0
,EBITDARatio,3.46442,-4.513613,2.988434,8.703065,2.804677,-0.450216,3.077125,4.770642,1.594521,-0.203704,-0.458874,0.943262,5.0
,,,,,,,,,,,,,,,,,,,,,,,,,,,,,,,,,,,,,,,,,,,,,,,,,,,,,,,,,,,,,,,,,,,,,,,,,,,,,,,,,,,,,,,,,,,,,,,,,,,,,
INCOME,,,,,,,,,,,,,,,,,,,,,,,,,,,,,,,,,,,,,,,,,,,,,,,,,,,,,,,,,,,,,,,,,,,,,,,,,,,,,,,,,,,,,,,,,,,,,,,,,,,,,
,operatingIncome,136102430.0,75334030.0,79949300.0,96614170.0,97602990.0,88500000.0,109900000.0,105500000.0,70600000.0,41600000.0,22200000.0,13500000.0,14300000.0
,operatingIncomeRatio,0.933756798087788,0.922445047783232,0.919037649376538,0.944351359001848,0.953326337929573,0.957792207792208,0.96319018404908,0.967889908256881,0.967123287671233,0.962962962962963,0.961038961038961,0.957446808510638,0.966216216216216
,totalOtherIncomeExpensesNet,0.0,0.0,0.0,0.0,0.0,0.0,0.0,0.0,0.0,0.0,0.0,0.0,0.0
,incomeBeforeTax,320534510.0,-146641330.0,169960200.0,493501240.0,192375010.0,23400000.0,230500000.0,312700000.0,93500000.0,16400000.0,5800000.0,13400000.0,44100000.0
,incomeBeforeTaxRatio,2.19908841990726,-1.79558386374453,1.95373596386167,4.82370822688946,1.87900149157792,0.253246753246753,2.02015775635408,2.86880733944954,1.28082191780822,0.37962962962963,0.251082251082251,0.950354609929078,2.97972972972973
,incomeTaxExpense,0.0,0.0,0.0,0.0,0.0,0.0,0.0,0.0,0.0,0.0,0.0,0.0,0.0
,netIncome,320534510.0,-146641330.0,169960200.0,493501240.0,192375010.0,23400000.0,230500000.0,312700000.0,93500000.0,16400000.0,5800000.0,13400000.0,44100000.0
,netIncomeRatio,2.19908841990726,-1.79558386374453,1.95373596386167,4.82370822688946,1.87900149157792,0.253246753246753,2.02015775635408,2.86880733944954,1.28082191780822,0.37962962962963,0.251082251082251,0.950354609929078,2.97972972972973
,,,,,,,,,,,,,,,,,,,,,,,,,,,,,,,,,,,,,,,,,,,,,,,,,,,,,,,,,,,,,,,,,,,,,,,,,,,,,,,,,,,,,,,,,,,,,,,,,,,,,
EPS,,,,,,,,,,,,,,,,,,,,,,,,,,,,,,,,,,,,,,,,,,,,,,,,,,,,,,,,,,,,,,,,,,,,,,,,,,,,,,,,,,,,,,,,,,,,,,,,,,,,,
,EPS,4.67934,-3.51658,4.17593,11.1905,6.47727,0.78261,8.26165,10.3887,4.08297,1.15493,0.63736,5.82609,8.64706
,EPSDiluted,4.67934,-3.51658,4.17593,11.1905,6.47727,0.78261,8.26165,10.3887,4.08297,1.15493,0.63736,5.82609,8.64706
,weightedAverageShsOut,68500000.0,41700000.0,40700000.0,44100000.0,29700000.0,29900000.0,27900000.0,30100000.0,22900000.0,14200000.0,9100000.0,2300000.0,5100000.0
,weightedAverageShsOutDil,68500000.0,41700000.0,40700000.0,44100000.0,29700000.0,29900000.0,27900000.0,30100000.0,22900000.0,14200000.0,9100000.0,2300000.0,5100000.0
