Date,2018-09-30,2017-09-30,2016-09-30,2015-09-30,2014-09-30,2013-09-30,2012-09-30,2011-09-30,2010-09-30,2009-09-30
Revenue,876828000.0,810744000.0,695993000.0,573857000.0,512395000.0,494593000.0,456115000.0,406141000.0,382431000.0,667037000.0
Revenue Growth,0.0815,0.1649,0.2128,0.12,0.036,0.0844,0.123,0.062,-0.4267,-0.1848
Cost of Revenue,726866000.0,670246000.0,569013000.0,473966000.0,429269000.0,427633000.0,398063000.0,361757000.0,326939000.0,557913000.0
Gross Profit,149962000.0,140498000.0,126980000.0,99891000.0,83126000.0,66960000.0,58052000.0,44384000.0,55492000.0,109124000.0
R&D Expenses,0.0,0.0,0.0,0.0,0.0,0.0,0.0,0.0,0.0,0.0
SG&A Expense,123920000.0,120370000.0,100558000.0,81416000.0,75571000.0,66598000.0,58609000.0,63321000.0,74251000.0,108171000.0
Operating Expenses,124008000.0,120156000.0,102020000.0,81403000.0,75485000.0,66534000.0,58441000.0,61570000.0,74886000.0,115113000.0
Operating Income,25954000.0,20342000.0,24960000.0,18488000.0,7641000.0,426000.0,-389000.0,-17186000.0,-19394000.0,-5989000.0
Interest Expense,1946000.0,1702000.0,1282000.0,1130000.0,1574000.0,1771000.0,2324000.0,2203000.0,3253000.0,5702000.0
Earnings before Tax,23994000.0,18633000.0,23661000.0,17199000.0,6072000.0,-3247000.0,-11764000.0,-37651000.0,-31191000.0,-11572000.0
Income Tax Expense,38151000.0,5211000.0,-97117000.0,661000.0,748000.0,326000.0,38000.0,172000.0,-36000.0,495000.0
Net Income - Non-Controlling int,354000.0,172000.0,100000.0,0.0,0.0,0.0,0.0,0.0,0.0,0.0
Net Income - Discontinued ops,0.0,0.0,0.0,339000.0,198000.0,1395000.0,9147000.0,18262000.0,8544000.0,-119000.0
Net Income,-14157000.0,13422000.0,120778000.0,16538000.0,5324000.0,-3573000.0,-11802000.0,-37823000.0,-31155000.0,-12067000.0
Preferred Dividends,0.0,0.0,0.0,0.0,0.0,0.0,0.0,0.0,0.0,0.0
Net Income Com,-14157000.0,13422000.0,120778000.0,16538000.0,5324000.0,-3573000.0,-11802000.0,-37823000.0,-31155000.0,-12067000.0
EPS,-0.67,0.62,5.63,0.77,0.29,-0.23,-0.78,-2.61,-2.16,-0.84
EPS Diluted,-0.67,0.62,5.62,0.77,0.29,-0.23,-0.78,-2.61,-2.16,-0.84
Weighted Average Shs Out,21205536.0,21434344.0,21451539.0,21515216.0,21768642.0,15105846.0,14994653.0,14938416.0,14565005.0,15410006.0
Weighted Average Shs Out (Dil),21196388.0,21280549.0,21279342.0,21480622.0,18417564.0,15460424.0,15123052.0,14493747.0,14409368.0,14331614.0
Dividend per Share,0.0,0.0,0.0,0.0,0.0,0.0,0.0,0.0,0.0,0.0
Gross Margin,0.171,0.1733,0.1824,0.1741,0.1622,0.1354,0.1273,0.1093,0.1451,0.1636
EBITDA Margin,0.04,0.037,0.044,0.036,0.02,0.002,-0.016,-0.072,-0.059,0.004
EBIT Margin,0.0296,0.0251,0.0358,0.0319,0.0149,-0.003,-0.0207,-0.0873,-0.0731,-0.0088
Profit Margin,-0.016,0.017,0.174,0.029,0.01,-0.007,-0.026,-0.093,-0.081,-0.018
Free Cash Flow margin,0.0087,0.0219,0.031,0.0152,0.0207,0.0047,-0.0203,0.0086,-0.036,0.0112
EBITDA,34800000.0,29969000.0,30607000.0,20838000.0,10172000.0,1076000.0,-7294000.0,-29092000.0,-22647000.0,2455000.0
EBIT,25940000.0,20335000.0,24943000.0,18329000.0,7646000.0,-1476000.0,-9440000.0,-35448000.0,-27938000.0,-5870000.0
Consolidated Income,-13803000.0,13594000.0,120878000.0,16538000.0,5324000.0,-3573000.0,-11802000.0,-37823000.0,-31155000.0,-12067000.0
Earnings Before Tax Margin,0.0274,0.023,0.034,0.03,0.0119,-0.0066,-0.0258,-0.0927,-0.0816,-0.0173
Net Profit Margin,-0.0161,0.0166,0.1735,0.0288,0.0104,-0.0072,-0.0259,-0.0931,-0.0815,-0.0181
