Date,2018-12-31,2017-12-31,2016-12-31,2015-12-31,2014-12-31,2013-12-31,2012-12-31,2011-12-31,2010-12-31,2009-12-31
Revenue,4337000000.0,4075000000.0,3912000000.0,1803000000.0,1858000000.0,1903000000.0,1835000000.0,1768000000.0,1628000000.0,1538000000.0
Revenue Growth,0.0643,0.0417,1.1697,-0.0296,-0.0236,0.0371,0.0379,0.086,0.0585,-0.1892
Cost of Revenue,3256000000.0,2950000000.0,2758000000.0,640000000.0,741000000.0,784000000.0,772000000.0,771000000.0,753000000.0,860000000.0
Gross Profit,1081000000.0,1125000000.0,1154000000.0,1163000000.0,1117000000.0,1119000000.0,1063000000.0,997000000.0,875000000.0,678000000.0
R&D Expenses,0.0,0.0,0.0,0.0,0.0,0.0,0.0,0.0,0.0,0.0
SG&A Expense,344000000.0,337000000.0,345000000.0,420000000.0,483000000.0,541000000.0,388000000.0,370000000.0,366000000.0,386000000.0
Operating Expenses,514000000.0,400000000.0,440000000.0,-339000000.0,433000000.0,454000000.0,465000000.0,393000000.0,438000000.0,688000000.0
Operating Income,567000000.0,725000000.0,714000000.0,1502000000.0,684000000.0,665000000.0,598000000.0,604000000.0,437000000.0,-10000000.0
Interest Expense,86000000.0,76000000.0,86000000.0,92000000.0,83000000.0,78000000.0,57000000.0,64000000.0,64000000.0,57000000.0
Earnings before Tax,484000000.0,655000000.0,629000000.0,1410000000.0,599000000.0,598000000.0,546000000.0,543000000.0,377000000.0,-59000000.0
Income Tax Expense,133000000.0,115000000.0,173000000.0,188000000.0,208000000.0,226000000.0,9000000.0,78000000.0,97000000.0,-272000000.0
Net Income - Non-Controlling int,1000000.0,1000000.0,3000000.0,2000000.0,1000000.0,2000000.0,1000000.0,0.0,0.0,1000000.0
Net Income - Discontinued ops,0.0,0.0,0.0,0.0,0.0,0.0,0.0,0.0,-2000000.0,-6000000.0
Net Income,351000000.0,540000000.0,456000000.0,1222000000.0,391000000.0,372000000.0,537000000.0,465000000.0,280000000.0,213000000.0
Preferred Dividends,0.0,0.0,0.0,0.0,0.0,0.0,0.0,0.0,0.0,0.0
Net Income Com,351000000.0,540000000.0,456000000.0,1222000000.0,391000000.0,372000000.0,537000000.0,465000000.0,280000000.0,213000000.0
EPS,1.847,2.798,2.151,5.474,1.74,1.859,2.468,2.123,1.389,1.144
EPS Diluted,1.828,2.784,2.131,5.404,1.719,1.838,2.426,2.073,1.342,1.075
Weighted Average Shs Out,180490671.0,179656802.0,178971820.0,178971820.0,181323862.0,187739696.0,189735964.0,189033673.0,187403334.0,186473505.0
Weighted Average Shs Out (Dil),180490671.0,179656802.0,178971820.0,178971820.0,181323862.0,187739696.0,189735964.0,189033673.0,187403334.0,186473505.0
Dividend per Share,1.129,1.029,8.047,1.022,4.854,2.844,0.888,0.753,0.636,0.634
Gross Margin,0.2493,0.2761,0.295,0.645,0.6012,0.588,0.5793,0.5639,0.5375,0.4408
EBITDA Margin,0.131,0.179,0.183,0.833,0.367,0.355,0.38,0.399,0.337,0.07
EBIT Margin,0.1314,0.1794,0.1828,0.8331,0.3671,0.3552,0.3286,0.3433,0.2709,-0.0013
Profit Margin,0.081,0.133,0.117,0.678,0.21,0.195,0.293,0.263,0.172,0.138
Free Cash Flow margin,0.1739,0.1836,0.2239,0.426,0.3601,0.3305,0.3243,0.3213,0.32,0.2497
EBITDA,570000000.0,731000000.0,715000000.0,1502000000.0,682000000.0,676000000.0,697000000.0,706000000.0,549000000.0,107000000.0
EBIT,570000000.0,731000000.0,715000000.0,1502000000.0,682000000.0,676000000.0,603000000.0,607000000.0,441000000.0,-2000000.0
Consolidated Income,352000000.0,541000000.0,459000000.0,1224000000.0,392000000.0,374000000.0,538000000.0,465000000.0,280000000.0,214000000.0
Earnings Before Tax Margin,0.1116,0.1607,0.1608,0.782,0.3224,0.3142,0.2975,0.3071,0.2316,-0.0384
Net Profit Margin,0.0809,0.1325,0.1166,0.6778,0.2104,0.1955,0.2926,0.263,0.172,0.1385
