Date,2018-12-31,2017-12-31,2016-12-31,2015-12-31,2014-12-31,2013-12-31,2012-12-31,2011-12-31,2010-12-31,2009-12-31
Revenue,317373000.0,280718000.0,318293000.0,334959000.0,283342000.0,69748000.0,244628000.0,244628000.0,0.0,256259000.0
Revenue Growth,0.130575880420921,-0.11805160653863,-0.0497553431912562,0.182172074736537,3.06236737970981,-0.714881370897853,0,0.0,-1,0.0089
Cost of Revenue,167729000.0,162740000.0,262848000.0,267551000.0,216270000.0,199850000.0,184884000.0,184884000.0,0.0,169399000.0
Gross Profit,149644000.0,117978000.0,55445000.0,67408000.0,67072000.0,-130102000.0,59744000.0,59744000.0,0.0,86860000.0
R&D Expenses,2800000.0,1500000.0,2200000.0,2800000.0,2100000.0,2000000.0,200000.0,200000.0,0.0,0.0
SG&A Expense,75356000.0,62728000.0,81340000.0,81747000.0,74559000.0,69978000.0,63667000.0,63667000.0,0.0,72776000.0
Operating Expenses,143488000.0,113204000.0,81340000.0,81747000.0,74559000.0,69978000.0,63667000.0,63667000.0,0.0,155782000.0
Operating Income,6156000.0,4774000.0,-25895000.0,-14339000.0,-7487000.0,3764000.0,-3923000.0,-3923000.0,0.0,-68922000.0
Interest Expense,0.0,0.0,0.0,0.0,11346000.0,7566000.0,3701000.0,3701000.0,0.0,720000.0
Earnings before Tax,-61718000.0,-46227000.0,-31572000.0,-32684000.0,-17066000.0,-3838000.0,-7789000.0,-7789000.0,0.0,-69368000.0
Income Tax Expense,657000.0,253000.0,-3660000.0,-1361000.0,-285000.0,453000.0,-5612000.0,-5612000.0,0.0,357000.0
Net Income - Non-Controlling int,0.0,0.0,0.0,0.0,0.0,0.0,0.0,0.0,0.0,0.0
Net Income - Discontinued ops,0.0,0.0,0.0,0.0,0.0,0.0,0.0,0.0,0.0,0.0
Net Income,-62500000.0,-45343000.0,-48443000.0,-39494000.0,-19830000.0,-4318000.0,-1702000.0,-1702000.0,0.0,-69725000.0
Preferred Dividends,0.0,0.0,0.0,0.0,0.0,0.0,0.0,0.0,0.0,0.0
Net Income Com,-62500000.0,-45343000.0,-48443000.0,-39494000.0,-19830000.0,-4318000.0,-1702000.0,-1702000.0,0.0,-69725000.0
EPS,-3.01,-2.39,-0.93,-0.77,-0.39,-0.09,-0.03,-0.03,0.0,-5.64
EPS Diluted,-3.01,-2.39,-0.93,-0.77,-0.39,-0.09,-0.03,-0.03,0.0,-5.64
Weighted Average Shs Out,20732000.0,18993000.0,51898000.0,51237.0,51135000.0,50761000.0,50422000.0,50422000.0,0.0,12689975.0
Weighted Average Shs Out (Dil),20732000.0,18993000.0,51898000.0,51237.0,51135000.0,50761000.0,50422000.0,50422000.0,0.0,12394250.0
Dividend per Share,0.0,0.0,0.0,0.0,0.0,0.0,0.0,0.0,0.0,0.0
Gross Margin,0.471508288355,0.420272301741,0.17419484563,0.201242540132,0.236717465113,-1.86531513448,0.244223882793,0.244223882793,0.0,0.339
EBITDA Margin,0.317311176439,0.29312691028,0.216080780916,0.205290796784,0.163378531951,0.639860641165,0.149218405089,0.149218405089,0.0,-0.141
EBIT Margin,0.019396735072,0.0170063907551,-0.0813558576532,-0.0428082242901,-0.026423897622,0.0539657051098,-0.0160365943392,-0.0160365943392,0.0,-0.2679
Profit Margin,-0.196929165367,-0.161525089235,-0.152196246854,-0.117906967718,-0.069986094543,-0.0619085851924,-0.00695750282061,-0.00695750282061,0.0,-0.272
Free Cash Flow margin,-0.0117401291225,0.0122934760151,-0.0486564266258,-0.0719938858189,-0.102755680414,-0.447396341114,-0.163153849927,-0.16337459326,0.0,0.079
EBITDA,100706000.0,82286000.0,68777000.0,68764000.0,46292000.0,44629000.0,36503000.0,36503000.0,0.0,-36152000.0
EBIT,6156000.0,4774000.0,-25895000.0,-14339000.0,-7487000.0,3764000.0,-3923000.0,-3923000.0,0.0,-68648000.0
Consolidated Income,-62500000.0,-45343000.0,-48443000.0,-39494000.0,-19830000.0,-4318000.0,-1702000.0,-1702000.0,0.0,-69725000.0
Earnings Before Tax Margin,-0.19446518765,-0.164674156983,-0.0991916253264,-0.0975761212566,-0.0602310988134,-0.0550266674313,-0.0318401818271,-0.0318401818271,0.0,-0.2707
Net Profit Margin,-0.196929165367,-0.161525089235,-0.152196246854,-0.117906967718,-0.069986094543,-0.0619085851924,-0.00695750282061,-0.00695750282061,0.0,-0.2721
