date,,2020-12-26_FY,2019-12-28_FY,2018-12-29_FY,2017-12-30_FY,2016-12-31_FY,2015-12-26_FY,2014-12-27_FY,2013-12-28_FY,2012-12-29_FY,2011-12-31_FY,2010-12-25_FY,2009-12-26_FY,2008-12-27_FY,2007-12-29_FY,2006-12-31_FY,2005-12-31_FY,2004-12-31_FY,2003-12-31_FY,2002-12-31_FY
,revenue,1355596000.0,1298865000.0,943379000.0,740739000.0,870135000.0,886714000.0,668079000.0,544122000.0,438437000.0,404877000.0,454352000.0,309101000.0,519212000.0,245852000.0,58236000.0,4127000.0,599000.0,0.0,0.0
,costOfRevenue,1858387000.0,914558000.0,619593000.0,477598000.0,476417000.0,483237000.0,379775000.0,325483000.0,280868000.0,239386000.0,496690000.0,414000000.0,571314000.0,326213000.0,71425000.0,27455000.0,0.0,0.0,0.0
,grossProfit,408792000.0,384307000.0,323786000.0,263141000.0,393718000.0,403477000.0,288304000.0,218639000.0,157569000.0,165491000.0,-42338000.0,-104899000.0,-52102000.0,-80361000.0,-13189000.0,-23328000.0,0.0,0.0,0.0
,grossProfitRatio,0.301558871522194,0.295879094440146,0.34321942718674,0.355241184816784,0.452479212995685,0.455024957314309,0.431541778741736,0.401819812468527,0.359388007855176,0.408743890119715,-0.0931832587949431,-0.33936803827875,-0.100348219994915,-0.326867383629175,-0.226475032625867,-5.65253210564575,0.0,0.0,0.0
,,,,,,,,,,,,,,,,,,,,,,,,,,,,,,,,,,,,,,,,,,,,,,,,,,,,,,,,,,,,,,,,,,,,,,,,,,,,,,,,,,,,,,,,,,,,,,,,,,,,,
COST And EXPENSES,,,,,,,,,,,,,,,,,,,,,,,,,,,,,,,,,,,,,,,,,,,,,,,,,,,,,,,,,,,,,,,,,,,,,,,,,,,,,,,,,,,,,,,,,,,,,,,,,,,,,
,ResearchAndDevelopmentExpenses,265634000.0,287977000.0,244302000.0,224299000.0,232291000.0,180703000.0,133484000.0,124794000.0,117233000.0,127120000.0,118518000.0,97178000.0,80428000.0,60851000.0,38967000.0,24986000.0,0.0,41951000.0,26759000.0
,GeneralAndAdministrativeExpenses,-17364000.0,126351000.0,80957000.0,70625000.0,68343000.0,61640000.0,48452000.0,-27525000.0,-28387000.0,54375000.0,-5000.0,-3122000.0,-6980000.0,-6756000.0,0.0,0.0,0.0,0.0,0.0
,SellingAndMarketingExpenses,129604000.0,151423000.0,124238000.0,116057000.0,118858000.0,101398000.0,79026000.0,72778000.0,75862000.0,64773000.0,58103000.0,48391000.0,43262000.0,32721000.0,0.0,0.0,0.0,1680000.0,895000.0
,otherExpenses,56513000.0,110402000.0,57338000.0,16106000.0,7002000.0,-7705000.0,-10930000.0,-6279000.0,-139000.0,0.0,159000.0,924000.0,150000.0,148000.0,0.0,0.0,0.0,0.0,0.0
,operatingExpenses,563991000.0,734537000.0,514565000.0,446228000.0,419492000.0,343741000.0,260962000.0,242825000.0,240570000.0,246268000.0,234878000.0,191762000.0,160122000.0,119685000.0,0.0,0.0,0.0,0.0,0.0
,costAndExpenses,2422378000.0,1649095000.0,1134158000.0,923826000.0,895909000.0,826978000.0,640737000.0,568308000.0,521438000.0,485654000.0,731568000.0,605762000.0,731436000.0,445898000.0,143780000.0,67822000.0,0.0,48218000.0,32592000.0
,interestExpense,46728000.0,31657000.0,22049000.0,14017000.0,12072000.0,11941000.0,11021000.0,6061000.0,0.0,0.0,0.0,0.0,3000.0,2251000.0,0.0,0.0,0.0,0.0,0.0
,,,,,,,,,,,,,,,,,,,,,,,,,,,,,,,,,,,,,,,,,,,,,,,,,,,,,,,,,,,,,,,,,,,,,,,,,,,,,,,,,,,,,,,,,,,,,,,,,,,,,
EBITDA,,,,,,,,,,,,,,,,,,,,,,,,,,,,,,,,,,,,,,,,,,,,,,,,,,,,,,,,,,,,,,,,,,,,,,,,,,,,,,,,,,,,,,,,,,,,,,,,,,,,,
,depreciationAndAmortization,100140000.0,119824000.0,100494000.0,65997000.0,61489000.0,35777000.0,25917000.0,29084000.0,23661000.0,17859000.0,15619000.0,16500000.0,13000000.0,9800000.0,56000.0,6638000.0,0.0,0.0,0.0
,EBITDA,-55059000.0,-230406000.0,-90285000.0,-117090000.0,35715000.0,95513000.0,53259000.0,4898000.0,-59340000.0,-62918000.0,-13070000.0,-73161000.0,86433000.0,-33296000.0,-85488000.0,-57057000.0,599000.0,-48218000.0,-32592000.0
,EBITDARatio,-0.0406160832578438,-0.177390259957732,-0.0957038475522563,-0.158071871468898,0.0410453550311159,0.107715678335969,0.0797196139977458,0.009001657716468,-0.135344416643668,-0.155400282060972,-0.0287662429129838,-0.236689625721043,0.166469573122347,-0.135431072352472,-1.46795796414589,-13.8252968257814,1.0,0.0,0.0
,,,,,,,,,,,,,,,,,,,,,,,,,,,,,,,,,,,,,,,,,,,,,,,,,,,,,,,,,,,,,,,,,,,,,,,,,,,,,,,,,,,,,,,,,,,,,,,,,,,,,
INCOME,,,,,,,,,,,,,,,,,,,,,,,,,,,,,,,,,,,,,,,,,,,,,,,,,,,,,,,,,,,,,,,,,,,,,,,,,,,,,,,,,,,,,,,,,,,,,,,,,,,,,
,operatingIncome,-155199000.0,-350230000.0,-190779000.0,-183087000.0,-25774000.0,59736000.0,27342000.0,-24186000.0,-83001000.0,-80777000.0,-28689000.0,-89661000.0,73433000.0,-43096000.0,-85544000.0,-63695000.0,599000.0,-48218000.0,-32592000.0
,operatingIncomeRatio,-0.114487649712746,-0.269643111485797,-0.202229432709441,-0.247168030844872,-0.0296206910421946,0.0673678322435419,0.0409262976384529,-0.0444495903492232,-0.189311121096075,-0.199509974634272,-0.0631426735218509,-0.290070235942297,0.141431631010069,-0.175292452369718,-1.46891956865169,-15.4337291010419,1.0,0.0,0.0
,totalOtherIncomeExpensesNet,1121000.0,-307000.0,-2650000.0,-2160000.0,7002000.0,2399000.0,-1365000.0,-6279000.0,-139000.0,-290000.0,1074000.0,1168000.0,8018000.0,-11978000.0,-1567000.0,-174000.0,0.0,0.0,0.0
,incomeBeforeTax,-200688000.0,-383655000.0,-214950000.0,-195936000.0,-29181000.0,52031000.0,16412000.0,-30465000.0,-83140000.0,-80053000.0,-27615000.0,-88493000.0,81451000.0,-55074000.0,-89863000.0,-65951000.0,0.0,-50231000.0,-34062000.0
,incomeBeforeTaxRatio,-0.148044107536464,-0.295377117714312,-0.227851160562192,-0.264514221608421,-0.0335361754210554,0.0586784464889468,0.024565957020053,-0.0559892818154752,-0.189628156382787,-0.19772177723111,-0.060778867486002,-0.286291535776332,0.156874263306703,-0.22401282072141,-1.54308331616182,-15.980373152411,0.0,0.0,0.0
,incomeTaxExpense,6035000.0,2963000.0,-700000.0,-1400000.0,-4751000.0,1081000.0,2753000.0,1654000.0,2190000.0,1691000.0,317000.0,-1871000.0,2723000.0,268000.0,72000.0,12000.0,0.0,0.0,0.0
,netIncome,-206723000.0,-386618000.0,-214295000.0,-194506000.0,-23927000.0,51413000.0,13659000.0,-32119000.0,-85330000.0,-81744000.0,-27932000.0,-86622000.0,78728000.0,-55342000.0,-89935000.0,-67100000.0,-66480000.0,-50231000.0,-34062000.0
,netIncomeRatio,-0.152496023889123,-0.297658340166222,-0.227156847884042,-0.262583717071735,-0.027498031914588,0.0579814912136269,0.0204451868716125,-0.0590290412811833,-0.194623172770546,-0.201898354315014,-0.0614765644258196,-0.280238498096092,0.151629777431955,-0.225102907440249,-1.54431966481214,-16.258783620063,-110.984974958264,0.0,0.0
,,,,,,,,,,,,,,,,,,,,,,,,,,,,,,,,,,,,,,,,,,,,,,,,,,,,,,,,,,,,,,,,,,,,,,,,,,,,,,,,,,,,,,,,,,,,,,,,,,,,,
EPS,,,,,,,,,,,,,,,,,,,,,,,,,,,,,,,,,,,,,,,,,,,,,,,,,,,,,,,,,,,,,,,,,,,,,,,,,,,,,,,,,,,,,,,,,,,,,,,,,,,,,
,EPS,-1.1138332722688,-2.16007,-1.35846,-1.31531,-0.17,0.385812590519214,0.110445371628178,-0.27353,-0.77055,-0.78,-0.28,-0.90734,0.851785733605981,-1.09087,-14.9,-14.08,-17.94,-19.61,-21.27
,EPSDiluted,-1.1138332722688,-2.16007,-1.35846,-1.31531,-0.17,0.35910205279002,0.106241978765605,-0.27353,-0.77055,-0.78,-0.28,-0.90734,0.810893210283454,-1.09087,-14.9,-14.08,-17.94,-19.61,-21.27
,weightedAverageShsOut,185596000.0,178984000.0,157748000.0,147878000.0,142989000.0,133259000.0,123672000.0,117425000.0,110739000.0,105432000.0,99757142.0,95468000.0,92427000.0,50732000.0,6036000.0,4605000.0,3705000.0,2561000.0,1602000.0
,weightedAverageShsOutDil,185596000.0,178984000.0,157748000.0,147878000.0,142989000.0,143171000.0,128565000.0,117425000.0,110739000.0,105432000.0,99757142.0,95468000.0,97088000.0,50732000.0,60389000.0,4605000.0,3705000.0,2561000.0,1602000.0
