Date,2018-12-31,2017-12-31,2016-12-31,2015-12-31,2014-12-31,2013-12-31,2012-12-31,2011-12-31,2010-12-31,2009-12-31
Revenue,67138000.0,71077000.0,70497000.0,70541000.0,66487000.0,62280000.0,58828000.0,54637000.0,47229000.0,38964000.0
Revenue Growth,-0.0554,0.0082,-0.0006,0.061,0.0675,0.0587,0.0767,0.1569,0.2121,0.1002
Cost of Revenue,28120000.0,27716000.0,25757000.0,20941000.0,19133000.0,18601000.0,15917000.0,19282000.0,13684000.0,10327000.0
Gross Profit,39018000.0,43361000.0,44740000.0,49600000.0,47354000.0,43679000.0,42911000.0,35355000.0,33545000.0,28637000.0
R&D Expenses,0.0,0.0,0.0,0.0,0.0,0.0,0.0,0.0,0.0,0.0
SG&A Expense,38603000.0,47173000.0,43766000.0,42320000.0,38023000.0,37783000.0,40911000.0,101711000.0,34483000.0,23309000.0
Operating Expenses,38603000.0,47173000.0,43766000.0,42320000.0,38023000.0,37783000.0,40911000.0,101711000.0,34483000.0,23309000.0
Operating Income,415000.0,-3812000.0,974000.0,7280000.0,9331000.0,5896000.0,2000000.0,-66356000.0,-938000.0,5328000.0
Interest Expense,1420000.0,1332000.0,1344000.0,1705000.0,3134000.0,3497000.0,3340000.0,2193000.0,3352000.0,3499000.0
Earnings before Tax,-1042000.0,-5257000.0,-364000.0,3989000.0,6210000.0,2700000.0,-2152000.0,-68577000.0,-3223000.0,1751000.0
Income Tax Expense,53000.0,15450000.0,-142000.0,1204000.0,2853000.0,1031000.0,-663000.0,-23134000.0,-1371000.0,977000.0
Net Income - Non-Controlling int,0.0,0.0,0.0,0.0,0.0,0.0,0.0,0.0,0.0,0.0
Net Income - Discontinued ops,0.0,0.0,0.0,0.0,0.0,0.0,0.0,0.0,0.0,0.0
Net Income,-1095000.0,-20707000.0,-222000.0,2785000.0,3357000.0,1669000.0,-1489000.0,-45443000.0,-1852000.0,774000.0
Preferred Dividends,0.0,0.0,0.0,0.0,0.0,0.0,0.0,0.0,0.0,0.0
Net Income Com,-1095000.0,-20707000.0,-222000.0,2785000.0,3357000.0,1669000.0,-1489000.0,-45443000.0,-1852000.0,774000.0
EPS,-0.05,-0.91,-0.01,0.13,0.15,0.08,-0.07,-2.16,-0.09,0.04
EPS Diluted,-0.05,-0.91,-0.01,0.12,0.15,0.08,-0.07,-2.16,-0.09,0.04
Weighted Average Shs Out,19542465.0,22780738.0,22669675.0,22514484.0,22284589.0,22085031.0,21980806.0,21244916.0,19941095.0,18676630.0
Weighted Average Shs Out (Dil),21417628.0,22739651.0,22617901.0,22414587.0,22154199.0,21868379.0,21430012.0,21074093.0,19721378.0,18609797.0
Dividend per Share,0.0,0.0,0.0,0.0,0.0,0.0,0.0,0.0,0.0,0.0
Gross Margin,0.5812,0.6101,0.6346,0.7031,0.7122,0.7013,0.7294,0.6471,0.7103,0.735
EBITDA Margin,0.174,0.121,0.166,0.198,0.233,0.228,0.163,-1.049,0.164,0.287
EBIT Margin,0.0056,-0.0552,0.0139,0.0807,0.1405,0.0995,0.0202,-1.215,0.0027,0.1347
Profit Margin,-0.016,-0.291,-0.003,0.039,0.05,0.027,-0.025,-0.832,-0.039,0.02
Free Cash Flow margin,0.0954,0.1242,0.0916,0.0997,0.1197,0.105,0.0491,0.0504,0.1772,0.1308
EBITDA,11686000.0,8598000.0,11724000.0,13937000.0,15486000.0,14230000.0,9590000.0,-57336000.0,7745000.0,11199000.0
EBIT,378000.0,-3925000.0,980000.0,5694000.0,9344000.0,6197000.0,1188000.0,-66384000.0,129000.0,5250000.0
Consolidated Income,-1095000.0,-20707000.0,-222000.0,2785000.0,3357000.0,1669000.0,-1489000.0,-45443000.0,-1852000.0,774000.0
Earnings Before Tax Margin,-0.0155,-0.074,-0.0052,0.0565,0.0934,0.0434,-0.0366,-1.2551,-0.0682,0.0449
Net Profit Margin,-0.0163,-0.2913,-0.0031,0.0395,0.0505,0.0268,-0.0253,-0.8317,-0.0392,0.0199
