date,,2020-12-26_FY,2019-12-28_FY,2018-12-29_FY,2017-12-30_FY,2016-12-31_FY,2015-12-26_FY,2014-12-27_FY,2013-12-28_FY,2012-12-29_FY,2011-12-31_FY,2010-12-25_FY,2009-12-26_FY,2008-12-27_FY,2007-12-29_FY,2006-12-30_FY,2005-12-31_FY,2004-12-25_FY,2003-12-27_FY,2002-12-28_FY,2001-12-29_FY,2000-12-30_FY,1999-12-25_FY,1998-12-26_FY,1997-12-27_FY,1996-12-28_FY,1995-12-30_FY,1994-12-31_FY
,revenue,77867000000.0,71965000000.0,70848000000.0,62761000000.0,59387000000.0,55355000000.0,55870000000.0,52708000000.0,53341000000.0,53999000000.0,43623000000.0,35127000000.0,37586000000.0,38334000000.0,35382000000.0,38826000000.0,34209000000.0,30141000000.0,26764000000.0,26539000000.0,33726000000.0,29389000000.0,26273000000.0,25070000000.0,20847000000.0,16202000000.0,11521000000.0
,costOfRevenue,34255000000.0,29825000000.0,27111000000.0,23663000000.0,23196000000.0,20676000000.0,20261000000.0,21187000000.0,20190000000.0,20242000000.0,15132000000.0,15566000000.0,16742000000.0,18430000000.0,17164000000.0,15777000000.0,14463000000.0,13047000000.0,13446000000.0,13487000000.0,12650000000.0,11836000000.0,12088000000.0,9945000000.0,9164000000.0,7811000000.0,5576000000.0
,grossProfit,43612000000.0,42140000000.0,43737000000.0,39098000000.0,36191000000.0,34679000000.0,35609000000.0,31521000000.0,33151000000.0,33757000000.0,28491000000.0,19561000000.0,20844000000.0,19904000000.0,18218000000.0,23049000000.0,19746000000.0,17094000000.0,13318000000.0,13052000000.0,21076000000.0,17553000000.0,14185000000.0,15125000000.0,11683000000.0,8391000000.0,5945000000.0
,grossProfitRatio,0.560083218821837,0.585562426179393,0.617335704607046,0.622966491929702,0.609409466718305,0.626483605816999,0.637354573116163,0.598030659482432,0.62149191053786,0.625141206318636,0.653118767622584,0.556865089532269,0.554568190283616,0.519225752595607,0.514894579164547,0.593648585999073,0.577216521967903,0.567134468000398,0.497608728142281,0.491804514111308,0.624918460534899,0.597264282554697,0.539907890229513,0.603310729956123,0.560416366863338,0.517899024811752,0.516014234875445
,,,,,,,,,,,,,,,,,,,,,,,,,,,,,,,,,,,,,,,,,,,,,,,,,,,,,,,,,,,,,,,,,,,,,,,,,,,,,,,,,,,,,,,,,,,,,,,,,,,,,
COST And EXPENSES,,,,,,,,,,,,,,,,,,,,,,,,,,,,,,,,,,,,,,,,,,,,,,,,,,,,,,,,,,,,,,,,,,,,,,,,,,,,,,,,,,,,,,,,,,,,,,,,,,,,,
,ResearchAndDevelopmentExpenses,13556000000.0,13362000000.0,13543000000.0,13035000000.0,12740000000.0,12128000000.0,11537000000.0,10611000000.0,10148000000.0,8350000000.0,6576000000.0,5653000000.0,5722000000.0,5755000000.0,5873000000.0,5145000000.0,4778000000.0,4360000000.0,4034000000.0,3796000000.0,3897000000.0,3111000000.0,2509000000.0,2347000000.0,1808000000.0,1296000000.0,1111000000.0
,GeneralAndAdministrativeExpenses,0.0,6150000000.0,6750000000.0,7452000000.0,8397000000.0,7930000000.0,8136000000.0,8088000000.0,8057000000.0,7670000000.0,6309000000.0,7931000000.0,5452000000.0,5401000000.0,6138000000.0,5688000000.0,4659000000.0,4278000000.0,4334000000.0,4464000000.0,5089000000.0,3872000000.0,3076000000.0,2891000000.0,2322000000.0,1843000000.0,1447000000.0
,SellingAndMarketingExpenses,0.0,0.0,0.0,0.0,0.0,0.0,0.0,0.0,0.0,0.0,0.0,0.0,0.0,0.0,0.0,0.0,0.0,0.0,0.0,0.0,0.0,0.0,0.0,0.0,0.0,0.0,0.0
,otherExpenses,-147000000.0,593000000.0,128000000.0,561000000.0,67000000.0,619000000.0,589000000.0,531000000.0,308000000.0,0.0,18000000.0,266000000.0,710000000.0,532000000.0,597000000.0,0.0,179000000.0,923000000.0,568000000.0,16023000000.0,0.0,0.0,0.0,0.0,0.0,0.0,0.0
,operatingExpenses,19736000000.0,20105000000.0,20421000000.0,21048000000.0,21431000000.0,20677000000.0,20262000000.0,19230000000.0,18513000000.0,16280000000.0,13028000000.0,14071000000.0,13422000000.0,11883000000.0,12638000000.0,10959000000.0,9616000000.0,9561000000.0,8936000000.0,10796000000.0,10681000000.0,7786000000.0,5806000000.0,5238000000.0,4130000000.0,3139000000.0,2558000000.0
,costAndExpenses,53991000000.0,49930000000.0,47532000000.0,44711000000.0,44627000000.0,41353000000.0,40523000000.0,40417000000.0,38703000000.0,36522000000.0,28160000000.0,29637000000.0,30164000000.0,30313000000.0,29802000000.0,26736000000.0,24079000000.0,22608000000.0,22382000000.0,24283000000.0,23331000000.0,19622000000.0,17894000000.0,15183000000.0,13294000000.0,10950000000.0,8134000000.0
,interestExpense,629000000.0,489000000.0,468000000.0,646000000.0,733000000.0,337000000.0,192000000.0,244000000.0,90000000.0,41000000.0,592000000.0,218000000.0,360000000.0,1145000000.0,1488000000.0,0.0,287000000.0,-91000000.0,-178000000.0,123000000.0,4629000000.0,1461000000.0,758000000.0,772000000.0,381000000.0,386000000.0,0.0
,,,,,,,,,,,,,,,,,,,,,,,,,,,,,,,,,,,,,,,,,,,,,,,,,,,,,,,,,,,,,,,,,,,,,,,,,,,,,,,,,,,,,,,,,,,,,,,,,,,,,
EBITDA,,,,,,,,,,,,,,,,,,,,,,,,,,,,,,,,,,,,,,,,,,,,,,,,,,,,,,,,,,,,,,,,,,,,,,,,,,,,,,,,,,,,,,,,,,,,,,,,,,,,,
,depreciationAndAmortization,12239000000.0,10826000000.0,9085000000.0,8129000000.0,294000000.0,8711000000.0,8549000000.0,8032000000.0,7522000000.0,260000000.0,4638000000.0,5052000000.0,4616000000.0,4798000000.0,4912000000.0,126000000.0,4889000000.0,5070000000.0,5344000000.0,6558000000.0,4911000000.0,3597000000.0,2863000000.0,2192000000.0,1888000000.0,1379000000.0,1047000000.0
,EBITDA,36115000000.0,32861000000.0,32401000000.0,26179000000.0,15054000000.0,22713000000.0,23896000000.0,20323000000.0,22160000000.0,17737000000.0,20101000000.0,10542000000.0,12038000000.0,12819000000.0,10492000000.0,12216000000.0,15019000000.0,12603000000.0,9726000000.0,8814000000.0,15306000000.0,13364000000.0,11242000000.0,12079000000.0,9441000000.0,6631000000.0,4434000000.0
,EBITDARatio,0.463803665224036,0.456624748141458,0.457331187895212,0.417122098118258,0.253489821004597,0.410315238009213,0.427707177376052,0.385577141989831,0.415440280459684,0.328469045723069,0.460789033308117,0.300111025706721,0.320278827222902,0.334402879949914,0.296534961279747,0.314634523257611,0.439036510859715,0.418134766596994,0.363398595127784,0.332115000565206,0.453833837395481,0.454727959440607,0.427891751988734,0.481810929397686,0.452870916678659,0.409270460436983,0.384862425136707
,,,,,,,,,,,,,,,,,,,,,,,,,,,,,,,,,,,,,,,,,,,,,,,,,,,,,,,,,,,,,,,,,,,,,,,,,,,,,,,,,,,,,,,,,,,,,,,,,,,,,
INCOME,,,,,,,,,,,,,,,,,,,,,,,,,,,,,,,,,,,,,,,,,,,,,,,,,,,,,,,,,,,,,,,,,,,,,,,,,,,,,,,,,,,,,,,,,,,,,,,,,,,,,
,operatingIncome,23876000000.0,22035000000.0,23316000000.0,18050000000.0,14760000000.0,14002000000.0,15347000000.0,12291000000.0,14638000000.0,17477000000.0,15463000000.0,5490000000.0,7422000000.0,8021000000.0,5580000000.0,12090000000.0,10130000000.0,7533000000.0,4382000000.0,2256000000.0,10395000000.0,9767000000.0,8379000000.0,9887000000.0,7553000000.0,5252000000.0,3387000000.0
,operatingIncomeRatio,0.322061977474412,0.306190509275342,0.32909891598916,0.287598986631825,0.248539242595181,0.252949146418571,0.27469124753893,0.233190407528269,0.27442305168632,0.323654141743366,0.354468972789584,0.156290033307712,0.197467142020965,0.209239839307142,0.157707308801085,0.31138927522794,0.29612090385571,0.249925350851,0.16372739500822,0.0850069708730548,0.308219178082192,0.332335227466059,0.318920564838427,0.394375747905864,0.362306327049456,0.324157511418343,0.293984897144345
,totalOtherIncomeExpensesNet,1559000000.0,490000000.0,156000000.0,-144000000.0,-1313000000.0,506000000.0,94000000.0,-11000000.0,87000000.0,247000000.0,-10000000.0,-4000000.0,-96000000.0,0.0,0.0,-38000000.0,0.0,0.0,0.0,0.0,0.0,0.0,0.0,0.0,0.0,0.0,0.0
,incomeBeforeTax,25078000000.0,24058000000.0,23317000000.0,20352000000.0,12936000000.0,14212000000.0,15801000000.0,12611000000.0,14873000000.0,17781000000.0,16045000000.0,5704000000.0,7686000000.0,9166000000.0,7068000000.0,12610000000.0,10417000000.0,7442000000.0,4204000000.0,2183000000.0,15141000000.0,11228000000.0,9137000000.0,10659000000.0,7934000000.0,5638000000.0,3603000000.0
,incomeBeforeTaxRatio,0.322061977474412,0.334301396512193,0.32911303071364,0.324277815841048,0.217825450014313,0.256742841658387,0.282817254340433,0.239261592168172,0.278828668378921,0.329283875627326,0.367810558650253,0.162382213112421,0.204491033895599,0.239108885062868,0.199762591148041,0.324782362334518,0.304510508930398,0.246906207491457,0.157076670153938,0.0822563020460454,0.448941469489415,0.382047704923611,0.34777147642066,0.425169525329079,0.380582337986281,0.347981730650537,0.312733269681451
,incomeTaxExpense,4179000000.0,3010000000.0,2264000000.0,10751000000.0,2620000000.0,2792000000.0,4097000000.0,2991000000.0,3868000000.0,4839000000.0,4581000000.0,1335000000.0,2394000000.0,2190000000.0,2024000000.0,3946000000.0,2901000000.0,1801000000.0,1087000000.0,892000000.0,4606000000.0,3914000000.0,3069000000.0,3714000000.0,2777000000.0,2072000000.0,1315000000.0
,netIncome,20899000000.0,21048000000.0,21053000000.0,9601000000.0,10316000000.0,11420000000.0,11704000000.0,9620000000.0,11005000000.0,12942000000.0,11464000000.0,4369000000.0,5292000000.0,6976000000.0,5044000000.0,8664000000.0,7516000000.0,5641000000.0,3117000000.0,1291000000.0,10535000000.0,7314000000.0,6068000000.0,6945000000.0,5157000000.0,3566000000.0,2288000000.0
,netIncomeRatio,0.268393542835861,0.292475508927951,0.297157294489612,0.15297716734915,0.173708050583461,0.206304760184265,0.209486307499553,0.18251498823708,0.206314092349225,0.239671105020463,0.262797148293332,0.124377259657813,0.140797105305167,0.181979443835759,0.14255836300944,0.223149435944985,0.219708263907159,0.18715371089214,0.116462412195486,0.0486453898036851,0.312370278123703,0.24886862431522,0.230959540212385,0.277024331870762,0.247373722837818,0.220096284409332,0.198593872059717
,,,,,,,,,,,,,,,,,,,,,,,,,,,,,,,,,,,,,,,,,,,,,,,,,,,,,,,,,,,,,,,,,,,,,,,,,,,,,,,,,,,,,,,,,,,,,,,,,,,,,
EPS,,,,,,,,,,,,,,,,,,,,,,,,,,,,,,,,,,,,,,,,,,,,,,,,,,,,,,,,,,,,,,,,,,,,,,,,,,,,,,,,,,,,,,,,,,,,,,,,,,,,,
,EPS,4.73149196287073,4.76522526601766,4.54512089810017,2.04233141884705,2.18,2.40826655419654,2.38808406447664,1.93561368209256,2.20276220976781,2.46,2.06372637263726,0.786215583948173,0.934487021013597,1.19944979367263,0.85782,1.42,1.15738,0.85199,0.46116,0.18767,1.50802,1.05389,0.86254,0.96727,0.72593,0.50424,0.327499999999284
,EPSDiluted,4.73149196287073,4.70556673373575,4.45283417935702,1.98572905894519,2.12,2.3334695545566,2.31487341772152,1.88738473611929,2.1327519379845,2.39,2.0126404494382,0.773959255978742,0.920668058455115,1.17520215633423,0.85782,1.4,1.15738,0.85199,0.46116,0.18767,1.50802,1.05389,0.86254,0.96727,0.72593,0.50424,0.327231121281465
,weightedAverageShsOut,4417000000.0,4417000000.0,4632000000.0,4701000000.0,4730000000.0,4742000000.0,4901000000.0,4970000000.0,4996000000.0,5256000000.0,5555000000.0,5557000000.0,5663000000.0,5816000000.0,5797000000.0,6106000000.0,6400000000.0,6527000000.0,6651000000.0,6716000000.0,6986000000.0,6940000000.0,7035000000.0,7180000000.0,7104000000.0,7072000000.0,6986259542.0
,weightedAverageShsOutDil,4417000000.0,4473000000.0,4728000000.0,4835000000.0,4875000000.0,4894000000.0,5056000000.0,5097000000.0,5160000000.0,5411000000.0,5696000000.0,5645000000.0,5748000000.0,5936000000.0,5797000000.0,6178000000.0,6400000000.0,6527000000.0,6651000000.0,6716000000.0,6986000000.0,6940000000.0,7035000000.0,7180000000.0,7104000000.0,7072000000.0,6992000000.0
