date,,2020-12-31_FY,2019-12-31_FY,2018-12-31_FY,2017-12-31_FY,2016-12-31_FY,2015-12-31_FY,2014-12-31_FY,2013-12-31_FY,2012-12-31_FY,2011-12-31_FY,2010-12-31_FY,2009-12-31_FY,2008-12-31_FY,2007-12-31_FY,2006-12-31_FY,2005-12-31_FY,2004-12-31_FY,2003-12-31_FY,2002-12-31_FY,2001-12-31_FY,2000-12-31_FY
,revenue,336794000.0,261016000.0,261004000.0,217217000.0,133569000.0,53949000.0,8433000.0,4758000.0,135758000.0,24512000.0,24223000.0,24374000.0,23096000.0,22002000.0,19587000.0,12054000.0,8940000.0,3605000.0,156000.0,0.0,0.0
,costOfRevenue,0.0,0.0,0.0,0.0,0.0,0.0,0.0,0.0,0.0,0.0,0.0,0.0,0.0,0.0,0.0,0.0,0.0,0.0,0.0,0.0,43188000.0
,grossProfit,336794.0,0.0,0.0,0.0,0.0,0.0,0.0,0.0,0.0,24512000.0,24223000.0,24374000.0,0.0,0.0,0.0,0.0,0.0,0.0,0.0,0.0,-43188000.0
,grossProfitRatio,0.001,0.0,0.0,0.0,0.0,0.0,0.0,0.0,0.0,1.0,1.0,1.0,0.0,0.0,0.0,0.0,0.0,0.0,0.0,0.0,0.0
,,,,,,,,,,,,,,,,,,,,,,,,,,,,,,,,,,,,,,,,,,,,,,,,,,,,,,,,,,,,,,,,,,,,,,,,,,,,,,,,,,,,,,,,,,,,,,,,,,,,,
COST And EXPENSES,,,,,,,,,,,,,,,,,,,,,,,,,,,,,,,,,,,,,,,,,,,,,,,,,,,,,,,,,,,,,,,,,,,,,,,,,,,,,,,,,,,,,,,,,,,,,,,,,,,,,
,ResearchAndDevelopmentExpenses,1788000.0,0.0,0.0,1355000.0,1393000.0,2619000.0,7498000.0,125181000.0,117898000.0,103568000.0,75070000.0,77524000.0,82020000.0,155254000.0,166564000.0,134677000.0,86996000.0,61704000.0,66481000.0,53773000.0,49802000.0
,GeneralAndAdministrativeExpenses,13883000.0,14656000.0,22753000.0,32258000.0,23188000.0,19750000.0,34864000.0,48440000.0,30859000.0,30681000.0,27476000.0,27066000.0,28861000.0,35313000.0,32193000.0,26933000.0,28339000.0,0.0,0.0,0.0,0.0
,SellingAndMarketingExpenses,0.0,0.0,0.0,0.0,0.0,0.0,0.0,0.0,0.0,0.0,0.0,0.0,0.0,0.0,0.0,0.0,0.0,0.0,0.0,0.0,0.0
,otherExpenses,-348000.0,-345000.0,-5702000.0,-7042000.0,2382000.0,1120000.0,-3272000.0,6732000.0,0.0,0.0,0.0,0.0,0.0,0.0,0.0,0.0,0.0,0.0,0.0,0.0,0.0
,operatingExpenses,15671000.0,14656000.0,22753000.0,33613000.0,24581000.0,22369000.0,42362000.0,173621000.0,148757000.0,134249000.0,102546000.0,104590000.0,110881000.0,190567000.0,198757000.0,161610000.0,112335000.0,0.0,0.0,0.0,0.0
,costAndExpenses,15671000.0,14656000.0,22753000.0,33613000.0,24581000.0,22369000.0,42362000.0,173621000.0,148757000.0,134249000.0,102546000.0,104590000.0,110881000.0,190567000.0,198757000.0,161610000.0,112335000.0,76071000.0,83239000.0,53773000.0,103927000.0
,interestExpense,18331000.0,18660000.0,23954000.0,43601000.0,52416000.0,51803000.0,36892000.0,9348000.0,6003000.0,6022000.0,6044000.0,6052000.0,0.0,0.0,0.0,0.0,0.0,0.0,0.0,0.0,0.0
,,,,,,,,,,,,,,,,,,,,,,,,,,,,,,,,,,,,,,,,,,,,,,,,,,,,,,,,,,,,,,,,,,,,,,,,,,,,,,,,,,,,,,,,,,,,,,,,,,,,,
EBITDA,,,,,,,,,,,,,,,,,,,,,,,,,,,,,,,,,,,,,,,,,,,,,,,,,,,,,,,,,,,,,,,,,,,,,,,,,,,,,,,,,,,,,,,,,,,,,,,,,,,,,
,depreciationAndAmortization,13840.0,13874000.0,13872000.0,13982000.0,13954000.0,13933000.0,12175000.0,8203000.0,7326000.0,7583000.0,6336000.0,5541000.0,6962000.0,4058000.0,4198000.0,4107000.0,4812000.0,5209000.0,5124000.0,0.0,0.0
,EBITDA,321136840.0,260234000.0,252123000.0,197586000.0,122942000.0,45513000.0,-21754000.0,-160660000.0,-5673000.0,-102154000.0,-71987000.0,-74675000.0,-80823000.0,-164507000.0,-174972000.0,-145449000.0,-98583000.0,-67257000.0,-77959000.0,-53773000.0,-103927000.0
,EBITDARatio,0.953511167063546,0.997004015079535,0.965973701552467,0.909624937274707,0.920438125612979,0.843630095089807,-2.57962765326693,-33.7662883564523,-0.0417875926280587,-4.16750979112272,-2.97184494075878,-3.06371543447936,-3.4994371319709,-7.47691118989183,-8.93306785112575,-12.0664509706322,-11.0271812080537,-18.6565880721221,-499.73717948718,0.0,0.0
,,,,,,,,,,,,,,,,,,,,,,,,,,,,,,,,,,,,,,,,,,,,,,,,,,,,,,,,,,,,,,,,,,,,,,,,,,,,,,,,,,,,,,,,,,,,,,,,,,,,,
INCOME,,,,,,,,,,,,,,,,,,,,,,,,,,,,,,,,,,,,,,,,,,,,,,,,,,,,,,,,,,,,,,,,,,,,,,,,,,,,,,,,,,,,,,,,,,,,,,,,,,,,,
,operatingIncome,321123000.0,246360000.0,238251000.0,183604000.0,108988000.0,31580000.0,-33929000.0,-168863000.0,-12999000.0,-109737000.0,-78323000.0,-80216000.0,-87785000.0,-168565000.0,-179170000.0,-149556000.0,-103395000.0,-72466000.0,-83083000.0,-53773000.0,-103927000.0
,operatingIncomeRatio,0.9534700736949,0.943850185429246,0.912825090803206,0.845256126362117,0.815967776954233,0.585367662051197,-4.02336060713862,-35.4903320722993,-0.0957512632773023,-4.47686847258486,-3.23341452338686,-3.29104783786001,-3.80087461032213,-7.66134896827561,-9.14739367948129,-12.4071677451468,-11.5654362416107,-20.1015256588072,-532.583333333333,0.0,0.0
,totalOtherIncomeExpensesNet,49929000.0,-345000.0,-5702000.0,-7042000.0,2382000.0,1120000.0,-3272000.0,6732000.0,0.0,0.0,0.0,-1145000.0,-5419000.0,0.0,0.0,0.0,0.0,0.0,0.0,0.0,0.0
,incomeBeforeTax,354245000.0,232895000.0,210255000.0,134272000.0,59536000.0,-18760000.0,-73530000.0,-170701000.0,-18542000.0,-115344000.0,0.0,0.0,0.0,0.0,0.0,0.0,0.0,0.0,0.0,0.0,0.0
,incomeBeforeTaxRatio,1.0518150560877,0.892263309528918,0.805562366860278,0.618146830128397,0.445732168392367,-0.347735824575062,-8.71931696905016,-35.8766288356452,-0.136581269612104,-4.7056135770235,0.0,0.0,0.0,0.0,0.0,0.0,0.0,0.0,0.0,0.0,0.0
,incomeTaxExpense,60431000.0,41902000.0,-196073000.0,0.0,0.0,0.0,0.0,0.0,0.0,0.0,0.0,0.0,0.0,0.0,0.0,0.0,0.0,0.0,0.0,0.0,0.0
,netIncome,224402000.0,157288000.0,395056000.0,134143000.0,59536000.0,-18760000.0,-168464000.0,-170701000.0,-18542000.0,-115344000.0,-83862000.0,-85302000.0,-93643000.0,-159997000.0,-166044000.0,-143164000.0,-102654000.0,-70583000.0,-79227000.0,-64845000.0,-94935000.0
,netIncomeRatio,0.666288591839522,0.602599074386244,1.51360132411764,0.617552953958484,0.445732168392367,-0.347735824575062,-19.9767579746235,-35.8766288356452,-0.136581269612104,-4.7056135770235,-3.4620814927961,-3.49971280873061,-4.05451160374091,-7.2719298245614,-8.47725532240772,-11.876887340302,-11.4825503355705,-19.5791955617198,-507.865384615385,0.0,0.0
,,,,,,,,,,,,,,,,,,,,,,,,,,,,,,,,,,,,,,,,,,,,,,,,,,,,,,,,,,,,,,,,,,,,,,,,,,,,,,,,,,,,,,,,,,,,,,,,,,,,,
EPS,,,,,,,,,,,,,,,,,,,,,,,,,,,,,,,,,,,,,,,,,,,,,,,,,,,,,,,,,,,,,,,,,,,,,,,,,,,,,,,,,,,,,,,,,,,,,,,,,,,,,
,EPS,2.21850716757291,1.55,3.92,1.25,0.54,-0.16,-1.5,-1.67,-0.2,-1.41,-1.16,-1.35,-1.53,-2.64,-2.81,-2.69,-3.08,-10.37,-12.5,-11.73,-24.94
,EPSDiluted,2.21850716757291,1.43,3.53,1.17,0.53,-0.16,-1.5,-1.67,-0.2,-1.41,-1.16,-1.35,-1.53,-2.64,-2.81,-2.69,-3.08,-10.37,-12.5,-11.73,-24.94
,weightedAverageShsOut,101320000.0,101150000.0,100849000.0,106945000.0,110280000.0,115372000.0,112059000.0,102425000.0,90909000.0,82051000.0,72070000.0,63027000.0,61390000.0,60498000.0,59013000.0,53270000.0,33283000.0,6809000.0,6336000.0,5526000.0,3806536.0
,weightedAverageShsOutDil,113554000.0,113409000.0,113408000.0,119866000.0,123233000.0,115372000.0,112059000.0,102425000.0,90909000.0,82051000.0,72070000.0,63027000.0,61390000.0,60498000.0,59013000.0,53270000.0,33283000.0,6809000.0,6336000.0,5526000.0,3806536.0
