date,,2020-12-31_FY,2019-12-31_FY,2018-12-31_FY,2017-12-31_FY,2016-12-31_FY,2015-12-31_FY,2014-12-31_FY,2013-12-31_FY,2012-12-31_FY,2011-12-31_FY,2010-12-31_FY,2009-12-31_FY,2008-12-31_FY,2007-12-31_FY,2006-12-31_FY,2005-12-31_FY,2004-12-31_FY,2003-12-31_FY,2002-12-31_FY,2001-12-31_FY,2000-12-31_FY,1999-12-31_FY,1998-12-31_FY,1997-12-31_FY,1996-12-31_FY
,revenue,4147270000.0,4262584000.0,4225761000.0,3845578000.0,3511453000.0,3007976000.0,3117693000.0,3025923000.0,3005255000.0,3014703000.0,3127549000.0,3013595000.0,3055134000.0,2730035000.0,2350342000.0,2078155000.0,1817589000.0,1501329000.0,1318497000.0,1171116000.0,986371000.0,519500000.0,270300000.0,183500000.0,129748000.0
,costOfRevenue,1757342000.0,1833315000.0,1801582000.0,1685318000.0,1567777000.0,1290025000.0,1344636000.0,1288878000.0,1277113000.0,1245200000.0,1254198000.0,1271214000.0,1382019000.0,1260120000.0,1074268000.0,938239000.0,823899000.0,680747000.0,622299000.0,561936000.0,480176000.0,258900000.0,153000000.0,100800000.0,73870000.0
,grossProfit,2389928000.0,2429269000.0,2424179000.0,2160260000.0,1943676000.0,1717951000.0,1773057000.0,1737045000.0,1728142000.0,1769503000.0,1873351000.0,1742381000.0,1673115000.0,1469915000.0,1276074000.0,1139916000.0,993690000.0,820582000.0,696198000.0,609180000.0,506195000.0,260600000.0,117300000.0,82700000.0,55878000.0
,grossProfitRatio,0.576265350459459,0.569905249961057,0.573666849592298,0.561751705465342,0.553524709002228,0.57113188403099,0.568708015830937,0.574054594251076,0.575040054837277,0.586957653871708,0.598983740942188,0.5781735767414,0.547640463560682,0.538423500065017,0.542931198948919,0.548523088989994,0.546707754063212,0.546570405287582,0.528023954548247,0.520170504032051,0.513189256375137,0.501636188642926,0.433962264150943,0.450681198910082,0.430665597928292
,,,,,,,,,,,,,,,,,,,,,,,,,,,,,,,,,,,,,,,,,,,,,,,,,,,,,,,,,,,,,,,,,,,,,,,,,,,,,,,,,,,,,,,,,,,,,,,,,,,,,
COST And EXPENSES,,,,,,,,,,,,,,,,,,,,,,,,,,,,,,,,,,,,,,,,,,,,,,,,,,,,,,,,,,,,,,,,,,,,,,,,,,,,,,,,,,,,,,,,,,,,,,,,,,,,,
,ResearchAndDevelopmentExpenses,0.0,0.0,0.0,0.0,0.0,0.0,0.0,0.0,0.0,0.0,0.0,0.0,0.0,0.0,0.0,0.0,0.0,0.0,0.0,0.0,0.0,0.0,0.0,0.0,0.0
,GeneralAndAdministrativeExpenses,681802000.0,563965000.0,566406000.0,520504000.0,504545000.0,515973000.0,538657000.0,595699000.0,508365000.0,834591000.0,927873000.0,874359000.0,882364000.0,771375000.0,670074000.0,569695000.0,486246000.0,383641000.0,332332000.0,306934000.0,261669000.0,128900000.0,37000000.0,30100000.0,20007000.0
,SellingAndMarketingExpenses,231365000.0,245704000.0,257306000.0,253117000.0,238178000.0,214029000.0,213532000.0,219143000.0,235449000.0,0.0,0.0,0.0,0.0,0.0,0.0,0.0,0.0,0.0,0.0,0.0,0.0,0.0,0.0,0.0,0.0
,otherExpenses,-45415000.0,-9046000.0,-3875000.0,42187000.0,-14604000.0,-434000.0,9624000.0,4723000.0,4789000.0,0.0,0.0,0.0,0.0,0.0,0.0,0.0,0.0,0.0,0.0,0.0,0.0,0.0,0.0,0.0,0.0
,operatingExpenses,1565236000.0,1630476000.0,1616827000.0,1428107000.0,1311972000.0,1175098000.0,1208506000.0,1234755000.0,1158392000.0,1154090000.0,1272156000.0,1193431000.0,1180585000.0,1015197000.0,868887000.0,753132000.0,649194000.0,515689000.0,442172000.0,460525000.0,391074000.0,196300000.0,74200000.0,52700000.0,36130000.0
,costAndExpenses,3322578000.0,3463791000.0,3418409000.0,3113425000.0,2879749000.0,2465123000.0,2553142000.0,2523633000.0,2435505000.0,2399290000.0,2526354000.0,2464645000.0,2562604000.0,2275317000.0,1943155000.0,1691371000.0,1473093000.0,1196436000.0,1064471000.0,1022461000.0,871250000.0,455200000.0,227200000.0,153500000.0,110000000.0
,interestExpense,426847000.0,425857000.0,415842000.0,361234000.0,318220000.0,267855000.0,263160000.0,258382000.0,245017000.0,207569000.0,222773000.0,230356000.0,0.0,0.0,0.0,0.0,0.0,0.0,0.0,0.0,0.0,0.0,0.0,0.0,0.0
,,,,,,,,,,,,,,,,,,,,,,,,,,,,,,,,,,,,,,,,,,,,,,,,,,,,,,,,,,,,,,,,,,,,,,,,,,,,,,,,,,,,,,,,,,,,,,,,,,,,,
EBITDA,,,,,,,,,,,,,,,,,,,,,,,,,,,,,,,,,,,,,,,,,,,,,,,,,,,,,,,,,,,,,,,,,,,,,,,,,,,,,,,,,,,,,,,,,,,,,,,,,,,,,
,depreciationAndAmortization,652069000.0,658201000.0,639514000.0,522376000.0,452326000.0,345464000.0,353143000.0,322037000.0,316344000.0,319499000.0,344283000.0,319072000.0,290738000.0,249294000.0,208373000.0,186922000.0,163629000.0,132048000.0,109840000.0,153591000.0,129405000.0,67400000.0,37200000.0,22600000.0,12869000.0
,EBITDA,1476761000.0,1456994000.0,1446866000.0,1254529000.0,1084030000.0,888317000.0,917694000.0,824327000.0,886094000.0,934912000.0,945478000.0,868022000.0,783268000.0,704012000.0,615560000.0,573706000.0,508125000.0,436941000.0,363866000.0,302246000.0,244526000.0,131700000.0,80300000.0,52600000.0,32617000.0
,EBITDARatio,0.356080264848925,0.341810038230332,0.342391820076904,0.326226382614005,0.308712661112081,0.295320507876393,0.294350341743077,0.272421671007491,0.294848190918907,0.310117447722048,0.302306374736255,0.288035386307716,0.256377625334928,0.257876547370272,0.261902310387169,0.276065067331359,0.27955990050556,0.291036141978207,0.275970290414009,0.258083742344909,0.247904693061738,0.253512993262753,0.297077321494636,0.286648501362398,0.251387304621266
,,,,,,,,,,,,,,,,,,,,,,,,,,,,,,,,,,,,,,,,,,,,,,,,,,,,,,,,,,,,,,,,,,,,,,,,,,,,,,,,,,,,,,,,,,,,,,,,,,,,,
INCOME,,,,,,,,,,,,,,,,,,,,,,,,,,,,,,,,,,,,,,,,,,,,,,,,,,,,,,,,,,,,,,,,,,,,,,,,,,,,,,,,,,,,,,,,,,,,,,,,,,,,,
,operatingIncome,824692000.0,798793000.0,807352000.0,732153000.0,631704000.0,542853000.0,564551000.0,502290000.0,569750000.0,615413000.0,601195000.0,548950000.0,492530000.0,454718000.0,407187000.0,386784000.0,344496000.0,304893000.0,254026000.0,148655000.0,115121000.0,64300000.0,43100000.0,30000000.0,19748000.0
,operatingIncomeRatio,0.198851774781965,0.187396424328529,0.191054818291901,0.19038828493402,0.17989817890201,0.180471187270111,0.181079727862878,0.165995631746082,0.189584577681428,0.204137190297021,0.192225605418173,0.18215785465532,0.16121387801648,0.166561234562927,0.17324585102934,0.18611893723038,0.189534597755598,0.203082069286612,0.192663312847887,0.126934479590408,0.116711663258551,0.123772858517806,0.159452460229375,0.163487738419619,0.152202731448654
,totalOtherIncomeExpensesNet,-33452000.0,-51353000.0,-40152000.0,-162473000.0,-174398000.0,-116916000.0,-80461000.0,-85098000.0,-28785000.0,-57257000.0,-275870000.0,11673000.0,-38511000.0,2371000.0,21549000.0,-2697000.0,8669000.0,2564000.0,2555000.0,-22044000.0,-15178000.0,0.0,-7900000.0,-2500000.0,0.0
,incomeBeforeTax,372705000.0,328142000.0,357911000.0,216105000.0,146644000.0,162066000.0,223373000.0,163018000.0,298366000.0,352900000.0,100795000.0,332833000.0,224867000.0,223024000.0,224218000.0,197018000.0,166735000.0,156989000.0,119949000.0,-8131000.0,-15808000.0,9500000.0,-7700000.0,-1800000.0,0.0
,incomeBeforeTaxRatio,0.0898675514253955,0.0769819433470402,0.0846974071652419,0.0561957136222435,0.0417616297299152,0.0538787543517634,0.0716468876185051,0.0538738097433411,0.0992814253698937,0.117059624115543,0.0322281121734624,0.110443838671089,0.0736029908999082,0.0816927255511376,0.0953980314354251,0.0948042855321186,0.0917341599228428,0.104566687248431,0.0909740408965663,-0.00694295014328213,-0.0160264241345295,0.0182868142444658,-0.0284868664446911,-0.00980926430517711,0.0
,incomeTaxExpense,29609000.0,59931000.0,36263000.0,25947000.0,44944000.0,37713000.0,-97275000.0,63057000.0,114873000.0,106488000.0,149787000.0,110527000.0,142924000.0,69010000.0,93795000.0,81484000.0,69574000.0,66730000.0,49295000.0,26036000.0,9125000.0,10600000.0,3300000.0,7400000.0,0.0
,netIncome,342693000.0,267377000.0,363351000.0,183821000.0,104824000.0,123241000.0,326119000.0,97262000.0,171708000.0,395538000.0,-53900000.0,220877000.0,82037000.0,153094000.0,128863000.0,116601000.0,94191000.0,84637000.0,58292000.0,-44057000.0,-27825000.0,-14300000.0,-11000000.0,-15200000.0,508000.0
,netIncomeRatio,0.082630983755579,0.0627265058002376,0.0859847492558145,0.0478006167083336,0.029852029914682,0.0409714040271598,0.104602666138071,0.0321429196975601,0.0571359169188638,0.131202974223331,-0.0172339426176856,0.073293524843252,0.0268521773513044,0.0560776693339096,0.0548273400211544,0.0561079419003876,0.0518219465456712,0.0563747186659287,0.044210946251679,-0.0376196721759416,-0.0282094668233352,-0.0275264677574591,-0.0406955234924158,-0.0828337874659401,0.00391528193112803
,,,,,,,,,,,,,,,,,,,,,,,,,,,,,,,,,,,,,,,,,,,,,,,,,,,,,,,,,,,,,,,,,,,,,,,,,,,,,,,,,,,,,,,,,,,,,,,,,,,,,
EPS,,,,,,,,,,,,,,,,,,,,,,,,,,,,,,,,,,,,,,,,,,,,,,,,,,,,,,,,,,,,,,,,,,,,,,,,,,,,,,,,,,,,,,,,,,,,,,,,,,,,,
,EPS,1.19417293036579,0.931721323757453,1.27084462756153,0.691321484178144,0.43,0.584734584653926,1.67,0.509241127993549,0.99,2.03,-0.27,1.09,0.41,0.77,0.65,0.566667,0.486667,0.44,0.306667,-0.235556,-0.154074,-0.115825,-0.175084,-0.204714,-0.018231
,EPSDiluted,1.19417293036579,0.929402440847171,1.26756391874496,0.688868069478536,0.42,0.58100208374584,1.66,0.505488223187743,0.98,2.02,-0.27,1.08,0.4,0.76,0.64,0.56,0.48,0.435556,0.302222,-0.235556,-0.154074,-0.115825,-0.176314,-0.204714,-0.018231
,weightedAverageShsOut,286971000.0,286971000.0,285913000.0,265898000.0,246178000.0,210764000.0,195278000.0,190994000.0,173604000.0,194777000.0,201991000.0,202812000.0,201279000.0,199938000.0,198116000.0,195988500.0,193624500.0,191850750.0,190464750.0,188248500.0,179296875.0,123793312.0,62388562.0,74539071.0,57757445.0
,weightedAverageShsOutDil,286971000.0,287687000.0,286653000.0,266845000.0,247267000.0,212118000.0,196749000.0,192412000.0,174867000.0,195938000.0,201991000.0,204271000.0,203290000.0,202062000.0,200463000.0,198105000.0,196764000.0,195115500.0,193659750.0,188248500.0,179296875.0,123793312.0,62388562.0,74539071.0,57757445.0
