Date,2018-11-30,2017-11-30,2016-11-30,2015-11-30,2014-11-30,2013-11-30,2012-11-30,2011-11-30,2010-11-30,2009-11-30
Revenue,675036000.0,671433000.0,661016000.0,645370000.0,651936000.0,612640000.0,612367000.0,629685000.0,0.0,693163000.0
Revenue Growth,0.00536613481911077,0.0157590739104651,0.0242434572415823,-0.0100715407647376,0.0641420736484722,0.000445811090408203,-0.0275026402089934,0.0,-1,-0.1195
Cost of Revenue,468861000.0,328281000.0,307039000.0,317067000.0,321753000.0,303095000.0,279328000.0,272864000.0,0.0,351920000.0
Gross Profit,206175000.0,343152000.0,353977000.0,328303000.0,330183000.0,309545000.0,333039000.0,356821000.0,0.0,341243000.0
R&D Expenses,0.0,0.0,0.0,0.0,0.0,0.0,0.0,0.0,0.0,0.0
SG&A Expense,106566000.0,111279000.0,110828000.0,111617000.0,108563000.0,104925000.0,102958000.0,98795000.0,0.0,103773000.0
Operating Expenses,113013000.0,246996000.0,244150000.0,242726000.0,236792000.0,230853000.0,228030000.0,223656000.0,0.0,193420000.0
Operating Income,93162000.0,96156000.0,109827000.0,85577000.0,93391000.0,78692000.0,105009000.0,133165000.0,0.0,147823000.0
Interest Expense,10862000.0,11633000.0,13837000.0,9582000.0,9182000.0,15221000.0,13501000.0,14710000.0,0.0,23471000.0
Earnings before Tax,107266000.0,105198000.0,124069000.0,90942000.0,100612000.0,73076000.0,86231000.0,114417000.0,0.0,48080000.0
Income Tax Expense,-118018000.0,-5625000.0,47731000.0,34308000.0,33233000.0,27784000.0,31653000.0,44993000.0,0.0,41265000.0
Net Income - Non-Controlling int,0.0,0.0,0.0,0.0,0.0,0.0,0.0,0.0,0.0,0.0
Net Income - Discontinued ops,0.0,0.0,0.0,0.0,0.0,0.0,0.0,0.0,0.0,170000.0
Net Income,225284000.0,110823000.0,76338000.0,56634000.0,67379000.0,45292000.0,54578000.0,69424000.0,0.0,6815000.0
Preferred Dividends,0.0,0.0,0.0,0.0,0.0,0.0,0.0,0.0,0.0,0.0
Net Income Com,225284000.0,110823000.0,76338000.0,56634000.0,67379000.0,45292000.0,54578000.0,69424000.0,0.0,6815000.0
EPS,5.11,2.48,1.66,1.21,1.45,0.97,1.18,1.46,0.0,0.14
EPS Diluted,5.11,2.48,1.66,1.21,1.45,0.97,1.18,1.46,0.0,0.14
Weighted Average Shs Out,44068713.0,44648586.0,45981471.0,46621211.0,46559232.0,46470647.0,46386355.0,47602574.0,0.0,48617107.0
Weighted Average Shs Out (Dil),44078448.0,44660177.0,45995691.0,46635830.0,46573038.0,46486561.0,46396631.0,47611179.0,0.0,48678517.0
Dividend per Share,0.47047935989,0.430831252639,0.410016668735,0.260036113864,0.240074525523,0.220042089153,0.200079182473,0.180314795397,0.0,0.14
Gross Margin,0.305428154943,0.511074075894,0.535504435596,0.508705083905,0.506465358563,0.505264102899,0.543855237137,0.566665872619,0.0,0.4923
EBITDA Margin,0.29834112551,0.309146258823,0.323332566837,0.282149774548,0.284570878123,0.284144032384,0.301263784626,0.335777412516,0.0,0.208
EBIT Margin,0.138010417222,0.143210119252,0.166148777034,0.13260145343,0.143251791587,0.128447375294,0.171480501072,0.211478755251,0.0,0.1032
Profit Margin,0.333736274806,0.165054443258,0.115485858134,0.0877543114802,0.103352169538,0.0739292243406,0.0891262919132,0.110251951373,0.0,0.01
Free Cash Flow margin,0.0674734384537,0.0688884817994,0.158990100088,-0.00469343167485,-0.0323482673146,0.143405588927,0.111131070094,0.194039877081,0.0,0.2135
EBITDA,201391000.0,207571000.0,213728000.0,182091000.0,185522000.0,174078000.0,184484000.0,211434000.0,0.0,144451000.0
EBIT,93162000.0,96156000.0,109827000.0,85577000.0,93391000.0,78692000.0,105009000.0,133165000.0,0.0,71551000.0
Consolidated Income,225284000.0,110823000.0,76338000.0,56634000.0,67379000.0,45292000.0,54578000.0,69424000.0,0.0,6815000.0
Earnings Before Tax Margin,0.158904117706,0.15667683894,0.187694397715,0.140914514155,0.154328032199,0.11928049099,0.140815883286,0.181705138283,0.0,0.0694
Net Profit Margin,0.333736274806,0.165054443258,0.115485858134,0.0877543114802,0.103352169538,0.0739292243406,0.0891262919132,0.110251951373,0.0,0.0098
