date,,2020-12-31_FY,2019-12-31_FY,2018-12-31_FY,2017-12-31_FY,2016-12-31_FY,2015-12-31_FY,2014-12-31_FY,2013-12-31_FY,2012-12-31_FY,2011-12-31_FY,2010-12-31_FY,2009-12-31_FY,2008-12-31_FY,2007-12-31_FY,2006-12-31_FY,2005-12-31_FY,2004-12-31_FY,2003-12-31_FY,2002-12-31_FY,2002-09-30_FY,2001-09-30_FY,2000-09-30_FY,1999-09-30_FY,1998-09-30_FY,1997-09-30_FY,1996-09-30_FY
,revenue,4099403000.0,4245321000.0,3975454000.0,3311494000.0,2444540000.0,2163056000.0,2021441000.0,1784213000.0,1615808000.0,1468588000.0,1288454000.0,1139800000.0,1279065000.0,1189198000.0,1060321000.0,989004000.0,893821000.0,858446000.0,229800000.0,907174000.0,952042000.0,858671000.0,734200000.0,642000000.0,511200000.0,394700000.0
,costOfRevenue,1345024000.0,1550568000.0,1468800000.0,1320198000.0,945648000.0,839076000.0,797933000.0,713484000.0,659067000.0,608755000.0,552238000.0,498363000.0,554837000.0,545275000.0,505330000.0,486611000.0,434499000.0,410666000.0,108600000.0,403718000.0,439629000.0,389253000.0,289100000.0,247900000.0,202800000.0,153000000.0
,grossProfit,2754379000.0,2694753000.0,2506654000.0,1991296000.0,1498892000.0,1323980000.0,1223508000.0,1070729000.0,956741000.0,859833000.0,736216000.0,641437000.0,724228000.0,643923000.0,554991000.0,502393000.0,459322000.0,447780000.0,121200000.0,503456000.0,512413000.0,469418000.0,445100000.0,394100000.0,308400000.0,241700000.0
,grossProfitRatio,0.671897590941901,0.63475836102853,0.630532764308177,0.601328584620718,0.613159121961596,0.612087712939471,0.605265253846142,0.600112766805309,0.592113048084921,0.585482790272016,0.571394865474437,0.562762765397438,0.566216728625988,0.541476692695413,0.523417908350396,0.507978734160833,0.513885889904131,0.521616968335807,0.527415143603133,0.554971813566085,0.538225204350228,0.546679694551231,0.606238082266412,0.61386292834891,0.603286384976526,0.612363820623258
,,,,,,,,,,,,,,,,,,,,,,,,,,,,,,,,,,,,,,,,,,,,,,,,,,,,,,,,,,,,,,,,,,,,,,,,,,,,,,,,,,,,,,,,,,,,,,,,,,,,,
COST And EXPENSES,,,,,,,,,,,,,,,,,,,,,,,,,,,,,,,,,,,,,,,,,,,,,,,,,,,,,,,,,,,,,,,,,,,,,,,,,,,,,,,,,,,,,,,,,,,,,,,,,,,,,
,ResearchAndDevelopmentExpenses,0.0,0.0,0.0,0.0,0.0,0.0,0.0,0.0,0.0,0.0,0.0,0.0,0.0,0.0,0.0,0.0,0.0,0.0,0.0,0.0,0.0,0.0,0.0,0.0,0.0,0.0
,GeneralAndAdministrativeExpenses,2038963000.0,2103424000.0,1884141000.0,1599004000.0,1089184000.0,962677000.0,876067000.0,760458000.0,678843000.0,613707000.0,543174000.0,477003000.0,532365000.0,475328000.0,416094000.0,397252000.0,388326000.0,333283000.0,90300000.0,345382000.0,370096000.0,338031000.0,252400000.0,215900000.0,173600000.0,144500000.0
,SellingAndMarketingExpenses,0.0,0.0,0.0,0.0,0.0,0.0,0.0,0.0,0.0,0.0,0.0,0.0,0.0,0.0,0.0,0.0,0.0,0.0,0.0,0.0,0.0,0.0,0.0,0.0,0.0,0.0
,otherExpenses,-5654000.0,7532000.0,167000.0,3448000.0,8406000.0,4996000.0,-592000.0,-216000.0,-1252000.0,0.0,0.0,0.0,0.0,0.0,0.0,0.0,0.0,0.0,0.0,0.0,0.0,0.0,0.0,0.0,0.0,0.0
,operatingExpenses,2257947000.0,2315203000.0,2139742000.0,1839175000.0,1151153000.0,1009808000.0,915479000.0,794900000.0,708614000.0,645771000.0,579048000.0,504026000.0,559860000.0,510801000.0,451741000.0,477113000.0,416663000.0,400319000.0,134100000.0,407081000.0,469899000.0,403707000.0,284000000.0,243200000.0,191800000.0,157400000.0
,costAndExpenses,3602971000.0,3865771000.0,3608542000.0,3159373000.0,2096801000.0,1848884000.0,1713412000.0,1508384000.0,1367681000.0,1254526000.0,1131286000.0,1002389000.0,1114697000.0,1056076000.0,957071000.0,963724000.0,851162000.0,810985000.0,242700000.0,810799000.0,909528000.0,792960000.0,573100000.0,491100000.0,394600000.0,310400000.0
,interestExpense,115636000.0,102831000.0,126774000.0,127947000.0,27565000.0,22548000.0,12300000.0,10388000.0,9905000.0,11216000.0,16772000.0,16862000.0,22390000.0,0.0,0.0,0.0,0.0,0.0,-7000000.0,0.0,0.0,0.0,0.0,0.0,0.0,0.0
,,,,,,,,,,,,,,,,,,,,,,,,,,,,,,,,,,,,,,,,,,,,,,,,,,,,,,,,,,,,,,,,,,,,,,,,,,,,,,,,,,,,,,,,,,,,,,,,,,,,,
EBITDA,,,,,,,,,,,,,,,,,,,,,,,,,,,,,,,,,,,,,,,,,,,,,,,,,,,,,,,,,,,,,,,,,,,,,,,,,,,,,,,,,,,,,,,,,,,,,,,,,,,,,
,depreciationAndAmortization,218984000.0,211779000.0,255601000.0,240171000.0,61969000.0,47131000.0,39412000.0,34442000.0,29771000.0,32064000.0,35874000.0,27023000.0,27495000.0,26389000.0,34197000.0,35728000.0,28337000.0,37320000.0,11600000.0,44453000.0,53240000.0,65676000.0,31600000.0,27300000.0,18200000.0,12900000.0
,EBITDA,715416000.0,591329000.0,622513000.0,392292000.0,409708000.0,361303000.0,347441000.0,310271000.0,277898000.0,246126000.0,193042000.0,164434000.0,191863000.0,159511000.0,137447000.0,61008000.0,70996000.0,84781000.0,-1300000.0,140828000.0,95754000.0,131387000.0,192700000.0,178200000.0,134800000.0,97200000.0
,EBITDARatio,0.174517118712164,0.139289584933625,0.156589159376514,0.118463750802508,0.167601266495946,0.167033585815624,0.171877883153651,0.173897959492505,0.171987018259595,0.167593634157436,0.149824518376287,0.144265660642218,0.150002540918562,0.134133256194511,0.12962772594337,0.0616863025832049,0.0794297739704035,0.0987610170004869,-0.00565709312445605,0.155238135131739,0.100577495530659,0.153012038370924,0.262462544265868,0.277570093457944,0.263693270735524,0.246262984545224
,,,,,,,,,,,,,,,,,,,,,,,,,,,,,,,,,,,,,,,,,,,,,,,,,,,,,,,,,,,,,,,,,,,,,,,,,,,,,,,,,,,,,,,,,,,,,,,,,,,,,
INCOME,,,,,,,,,,,,,,,,,,,,,,,,,,,,,,,,,,,,,,,,,,,,,,,,,,,,,,,,,,,,,,,,,,,,,,,,,,,,,,,,,,,,,,,,,,,,,,,,,,,,,
,operatingIncome,496432000.0,379550000.0,366912000.0,152121000.0,347739000.0,314172000.0,308029000.0,275829000.0,248127000.0,214062000.0,157168000.0,137411000.0,164368000.0,133122000.0,103250000.0,25280000.0,42659000.0,47461000.0,-12900000.0,96375000.0,42514000.0,65711000.0,161100000.0,150900000.0,116600000.0,84300000.0
,operatingIncomeRatio,0.12109860874864,0.0894043112405399,0.0922943643669377,0.0459372718174939,0.142251302903614,0.145244505921252,0.152380900555594,0.154594210444605,0.153562180655127,0.145760417489452,0.1219818480132,0.120557115283383,0.128506369887379,0.111942670606577,0.0973761719328392,0.0255610695204468,0.047726558225864,0.0552871118276514,-0.0561357702349869,0.10623651030563,0.0446555929255222,0.0765263995173937,0.219422500681013,0.235046728971963,0.228090766823161,0.213579934127185
,totalOtherIncomeExpensesNet,-56750000.0,-4006000.0,-61583000.0,-155002000.0,-34192000.0,-21179000.0,-22459000.0,-553000.0,-3672000.0,-1911000.0,-7467000.0,-5853000.0,-358000.0,-5891000.0,-2247000.0,-52903000.0,-6880000.0,-24515000.0,-100000.0,-18994000.0,-77694000.0,12129000.0,-30100000.0,300000.0,7300000.0,-31200000.0
,incomeBeforeTax,326133000.0,275739000.0,181121000.0,-127817000.0,288431000.0,272211000.0,274683000.0,266439000.0,235596000.0,202184000.0,134085000.0,115526000.0,144741000.0,114161000.0,85872000.0,5438000.0,34462000.0,35556000.0,-20000000.0,73603000.0,-9392000.0,56101000.0,139300000.0,151100000.0,123800000.0,53100000.0
,incomeBeforeTaxRatio,0.0795562183078853,0.0649512722359511,0.045559827883809,-0.0385979862865522,0.117989887668028,0.125845562944279,0.135884747563743,0.149331385882739,0.145806927555749,0.137672376459565,0.104066579016403,0.101356378311985,0.113161567238569,0.095998311467056,0.0809867955081527,0.00549846107801384,0.0385558182231118,0.0414190292691678,-0.0870322019147084,0.0811343799535701,-0.00986511099300241,0.06533468581098,0.189730318714247,0.235358255451713,0.242175273865415,0.134532556371928
,incomeTaxExpense,59388000.0,42449000.0,58665000.0,-131096000.0,94849000.0,96576000.0,90917000.0,83638000.0,69693000.0,65282000.0,37800000.0,32562000.0,47598000.0,40608000.0,27680000.0,7875000.0,17573000.0,11863000.0,-5600000.0,25025000.0,-9172000.0,28826000.0,51000000.0,62800000.0,50700000.0,36700000.0
,netIncome,266745000.0,233290000.0,122456000.0,3279000.0,193582000.0,175635000.0,183766000.0,182801000.0,165903000.0,136902000.0,96285000.0,82964000.0,103871000.0,73553000.0,58192000.0,-2437000.0,16889000.0,23693000.0,-14400000.0,48578000.0,-66203000.0,25546000.0,88300000.0,88300000.0,73100000.0,16400000.0
,netIncomeRatio,0.065069230812389,0.0549522639159677,0.0308030227490999,0.0009901875105315,0.0791895407724971,0.0811976204037251,0.0909084163228113,0.102454695711779,0.1026749465283,0.0932201543251068,0.0747290939373854,0.0727882084576241,0.0812085390500092,0.0618509281044872,0.0548814934345354,-0.00246409519071713,0.0188952821649972,0.0275998723274382,-0.0626631853785901,0.0535487128158435,-0.0695378985380897,0.0297506262584855,0.120266957232362,0.137538940809969,0.142996870109546,0.041550544717507
,,,,,,,,,,,,,,,,,,,,,,,,,,,,,,,,,,,,,,,,,,,,,,,,,,,,,,,,,,,,,,,,,,,,,,,,,,,,,,,,,,,,,,,,,,,,,,,,,,,,,
EPS,,,,,,,,,,,,,,,,,,,,,,,,,,,,,,,,,,,,,,,,,,,,,,,,,,,,,,,,,,,,,,,,,,,,,,,,,,,,,,,,,,,,,,,,,,,,,,,,,,,,,
,EPS,2.96987207321554,2.6,1.35,0.0370650871521262,2.34,2.09,2.06,1.97,1.78,1.43,1.01,0.88,1.09,0.71,0.51,-0.02,0.14,0.260011193661315,-0.1769,0.58,-0.77,0.293682818876818,0.86,0.88,0.713456114152978,0.166308360037318
,EPSDiluted,2.96987207321554,2.56,1.33,0.0365185432676245,2.31,2.06,2.03,1.93,1.73,1.39,0.96,0.85,1.05,0.68,0.5,-0.02,0.13,0.2559219693451,-0.1769,0.47,-0.77,0.28533771180288,0.84,0.84,0.711428599235044,0.165901228073725
,weightedAverageShsOut,89817000.0,89817000.0,90827000.0,88466000.0,82571000.0,83852000.0,89337000.0,93015000.0,93444000.0,96019000.0,95747000.0,94658000.0,95246000.0,103613000.0,113071000.0,112253000.0,123603000.0,91123000.0,81400000.0,83586000.0,85862000.0,86985000.0,102226000.0,100194000.0,102459000.0,98612000.0
,weightedAverageShsOutDil,89817000.0,90971000.0,92122000.0,89790000.0,83820000.0,85056000.0,90719000.0,94830000.0,95842000.0,98846000.0,99834000.0,97549000.0,99028000.0,108328000.0,116203000.0,112253000.0,126326000.0,92579000.0,81400000.0,130882000.0,85862000.0,89529000.0,104948000.0,105699000.0,102751000.0,98854000.0
