Date,2018-12-29,2017-12-30,2016-12-31,2016-01-02,2015-01-03,2013-12-31,2012-12-31,2011-12-31,2010-12-31,2009-12-31
Revenue,95114000.0,112847000.0,80124000.0,75160000.0,65550000.0,69632000.0,83424000.0,82974000.0,202526000.0,77981000.0
Revenue Growth,-0.1571,0.4084,0.066,0.1466,-0.0586,-0.1653,0.0054,-0.5903,1.5971,-0.2931
Cost of Revenue,62420000.0,67184000.0,49715000.0,48843000.0,48117000.0,47659000.0,49266000.0,52543000.0,114854000.0,45261000.0
Gross Profit,32694000.0,45663000.0,30409000.0,26317000.0,17433000.0,21973000.0,34158000.0,30431000.0,87672000.0,32720000.0
R&D Expenses,16862000.0,17724000.0,18156000.0,15661000.0,15832000.0,21037000.0,31762000.0,34287000.0,27918000.0,28064000.0
SG&A Expense,20188000.0,23314000.0,19916000.0,19638000.0,21205000.0,22278000.0,25919000.0,25597000.0,28516000.0,22003000.0
Operating Expenses,36911000.0,40815000.0,37972000.0,35055000.0,36787000.0,39588000.0,78898000.0,61172000.0,56434000.0,50067000.0
Operating Income,-4217000.0,4848000.0,-7563000.0,-8738000.0,-19354000.0,-17615000.0,-44740000.0,-30741000.0,31238000.0,-17347000.0
Interest Expense,0.0,0.0,0.0,0.0,0.0,0.0,0.0,0.0,0.0,0.0
Earnings before Tax,-3595000.0,5221000.0,-7190000.0,-8611000.0,-19017000.0,-17418000.0,-42079000.0,-30106000.0,32011000.0,-16093000.0
Income Tax Expense,-7176000.0,1103000.0,251000.0,555000.0,8428000.0,-1722000.0,13240000.0,-8131000.0,3962000.0,-6016000.0
Net Income - Non-Controlling int,0.0,0.0,0.0,0.0,0.0,0.0,0.0,0.0,0.0,0.0
Net Income - Discontinued ops,0.0,0.0,0.0,0.0,0.0,0.0,0.0,0.0,0.0,0.0
Net Income,3581000.0,4118000.0,-7441000.0,-9166000.0,-27445000.0,-15696000.0,-55319000.0,-21975000.0,28049000.0,-10077000.0
Preferred Dividends,0.0,0.0,0.0,0.0,0.0,0.0,0.0,0.0,0.0,0.0
Net Income Com,3581000.0,4118000.0,-7441000.0,-9166000.0,-27445000.0,-15696000.0,-55319000.0,-21975000.0,28049000.0,-10077000.0
EPS,0.16,0.19,-0.36,-0.41,-1.16,-0.66,-2.37,-0.96,1.26,-0.46
EPS Diluted,0.16,0.18,-0.36,-0.41,-1.16,-0.66,-2.37,-0.96,1.22,-0.46
Weighted Average Shs Out,22814493.0,21789007.0,20930298.0,21848619.0,23226146.0,24006002.0,23464809.0,23080356.0,22438970.0,22067084.0
Weighted Average Shs Out (Dil),22519000.0,21555000.0,20761000.0,22218000.0,23671000.0,23832000.0,23336000.0,22903000.0,22340000.0,21975000.0
Dividend per Share,0.0,0.0,0.0,0.0,0.0,0.0,0.0,0.0,0.0,0.0
Gross Margin,0.3437,0.4046,0.3795,0.3501,0.2659,0.3156,0.4095,0.3668,0.4329,0.4196
EBITDA Margin,0.011,0.081,-0.029,-0.053,-0.218,-0.185,-0.451,-0.297,0.187,-0.135
EBIT Margin,-0.0378,0.0463,-0.0897,-0.1146,-0.2901,-0.2501,-0.5044,-0.3628,0.1581,-0.2064
Profit Margin,0.038,0.036,-0.093,-0.122,-0.419,-0.225,-0.663,-0.265,0.138,-0.129
Free Cash Flow margin,-0.0521,-0.0597,0.0077,-0.0329,-0.0974,-0.152,-0.2757,-0.2605,0.2185,-0.246
EBITDA,1019000.0,9092000.0,-2353000.0,-4014000.0,-14312000.0,-12900000.0,-37600000.0,-24683000.0,37872000.0,-10508000.0
EBIT,-3595000.0,5221000.0,-7190000.0,-8611000.0,-19017000.0,-17418000.0,-42079000.0,-30106000.0,32011000.0,-16093000.0
Consolidated Income,3581000.0,4118000.0,-7441000.0,-9166000.0,-27445000.0,-15696000.0,-55319000.0,-21975000.0,28049000.0,-10077000.0
Earnings Before Tax Margin,-0.0378,0.0463,-0.0897,-0.1146,-0.2901,-0.2501,-0.5044,-0.3628,0.1581,-0.2064
Net Profit Margin,0.0376,0.0365,-0.0929,-0.122,-0.4187,-0.2254,-0.6631,-0.2648,0.1385,-0.1292
