Date,2018-12-31,2017-12-31,2016-12-31,2015-12-31,2014-12-31,2013-12-31,2012-12-31,2011-12-31,2010-12-31,2009-12-31
Revenue,127965000.0,1200000.0,123413000.0,593000.0,0.38,149215000.0,100922000.0,111554000.0,144713000.0,149484000.0
Revenue Growth,105.6375,-0.990276551092673,207.116357504216,1560525.31578947,-0.999999997453339,0.478518063454945,-0.0953081019058035,-0.229136290450754,-0.0319164592866126,1.0446
Cost of Revenue,0.0,0.0,0.0,0.0,0.0,0.0,0.0,0.0,0.0,0.0
Gross Profit,0.0,0.0,0.0,0.0,0.0,149215000.0,100922000.0,111554000.0,144713000.0,149484000.0
R&D Expenses,4107000.0,4308000.0,4172000.0,3929000.0,3843000.0,0.0,0.0,0.0,0.0,0.0
SG&A Expense,97359000.0,90601000.0,101233000.0,103560000.0,123580000.0,126240000.0,86278000.0,109217000.0,114622000.0,122554000.0
Operating Expenses,101466000.0,94909000.0,105405000.0,107489000.0,127423000.0,131664000.0,91388000.0,115799000.0,123728000.0,129139000.0
Operating Income,-56000.0,-11627000.0,2814000.0,7012000.0,29998000.0,17551000.0,9534000.0,-4245000.0,20985000.0,20345000.0
Interest Expense,49552000.0,33702000.0,32790000.0,29740000.0,23398000.0,0.0,0.0,0.0,0.0,0.0
Earnings before Tax,-56000.0,-11627000.0,2814000.0,7012000.0,29998000.0,7578000.0,4338000.0,-4088000.0,18180000.0,18473000.0
Income Tax Expense,1167000.0,1744000.0,-4648000.0,221000.0,8015000.0,3950000.0,1581000.0,-1632000.0,8577000.0,7663000.0
Net Income - Non-Controlling int,0.0,0.0,0.0,0.0,0.0,9973000.0,5196000.0,-157000.0,2805000.0,1872000.0
Net Income - Discontinued ops,0.0,0.0,0.0,0.0,0.0,0.0,0.0,0.0,0.0,0.0
Net Income,-2187000.0,-15883000.0,2926000.0,-208000.0,13352000.0,3628000.0,2757000.0,-2456000.0,9603000.0,10810000.0
Preferred Dividends,0.0,0.0,0.0,0.0,0.0,0.0,0.0,0.0,0.0,0.0
Net Income Com,-2187000.0,-15883000.0,2926000.0,-208000.0,13352000.0,3628000.0,2757000.0,-2456000.0,9603000.0,10810000.0
EPS,-0.1,-0.74,0.14,-0.01,0.59,0.16,0.12,-0.11,0.44,0.52
EPS Diluted,-0.1,-0.74,0.13,-0.01,0.57,0.16,0.12,-0.11,0.43,0.49
Weighted Average Shs Out,21490000.0,21579000.0,21105000.0,21237000.0,21481000.0,21848146.0,22649943.0,22059644.0,21733222.0,21533583.0
Weighted Average Shs Out (Dil),21490000.0,21579000.0,21841000.0,21237000.0,23542000.0,22158000.0,22582000.0,22118000.0,21646000.0,20791000.0
Dividend per Share,0.366402978129,0.360072292507,0.382857927751,0.47944624947,0.218885396313,0.145,0.135,0.105,0.055,0.04
Gross Margin,0.0,0.0,0.0,0.0,0.0,1.0,1.0,1.0,1.0,1.0
EBITDA Margin,0.0111436720978,-4.78666666667,0.0348504614587,14.9258010118,82565789.4737,0.057,0.052,-0.03,0.13,0.129
EBIT Margin,-0.000437619661626,-9.68916666667,0.0228014876877,11.8246205734,78942105.2632,0.0508,0.043,-0.0366,0.1256,0.1236
Profit Margin,-0.0170906107139,-13.2358333333,0.0237090095857,-0.350758853288,35136842.1053,0.024,0.027,-0.022,0.066,0.072
Free Cash Flow margin,0.167967803696,0.121666666667,0.0679344963659,-11.2698145025,14136842.1053,0.2124,0.0593,0.1311,-0.2345,0.262
EBITDA,1426000.0,-5744000.0,4301000.0,8851000.0,31375000.0,8499000.0,5222000.0,-3367000.0,18815000.0,19219000.0
EBIT,-56000.0,-11627000.0,2814000.0,7012000.0,29998000.0,7578000.0,4338000.0,-4088000.0,18180000.0,18473000.0
Consolidated Income,-2187000.0,-15883000.0,2926000.0,-208000.0,13352000.0,13601000.0,7953000.0,-2613000.0,12408000.0,12682000.0
Earnings Before Tax Margin,-0.000437619661626,-9.68916666667,0.0228014876877,11.8246205734,78942105.2632,0.0508,0.043,-0.0366,0.1256,0.1236
Net Profit Margin,-0.0170906107139,-13.2358333333,0.0237090095857,-0.350758853288,35136842.1053,0.0243,0.0273,-0.022,0.0664,0.0723
