Date,2018-12-31,2017-12-31,2016-12-31,2015-12-31,2014-12-31,2013-12-31,2012-12-31,2011-12-31,2010-12-31,2009-12-31
Revenue,110276000.0,98796000.0,95744000.0,103871000.0,701873000.0,131256000.0,139396000.0,145285000.0,0.0,138257000.0
Revenue Growth,0.116199036398235,0.0318766711229947,-0.0782412800492919,-0.852008839205953,4.34735935881026,-0.0583947889465982,-0.0405341225866401,0.0,-1,-0.4644
Cost of Revenue,60315000.0,3199000.0,3108000.0,2792000.0,0.0,0.0,0.0,0.0,0.0,114107000.0
Gross Profit,49961000.0,95597000.0,92636000.0,101079000.0,0.0,0.0,0.0,0.0,0.0,24150000.0
R&D Expenses,0.0,0.0,0.0,0.0,0.0,0.0,0.0,0.0,0.0,0.0
SG&A Expense,0.0,0.0,0.0,0.0,0.0,0.0,0.0,0.0,0.0,64297000.0
Operating Expenses,20557000.0,96461000.0,93784000.0,110006000.0,188623000.0,130479000.0,137262000.0,532092000.0,0.0,233505000.0
Operating Income,29404000.0,2335000.0,1960000.0,-6135000.0,513250000.0,777000.0,2134000.0,-386807000.0,0.0,-209355000.0
Interest Expense,11840000.0,12145000.0,12295000.0,11429000.0,8608000.0,2040000.0,2820000.0,3921000.0,0.0,1157000.0
Earnings before Tax,30866000.0,41355000.0,22611000.0,-1163000.0,521821000.0,4445000.0,6423000.0,-385873000.0,0.0,-211254000.0
Income Tax Expense,-736000.0,-17881000.0,7147000.0,808000.0,115507000.0,-409000.0,387000.0,-55658000.0,0.0,-81227000.0
Net Income - Non-Controlling int,0.0,0.0,0.0,0.0,0.0,0.0,0.0,0.0,0.0,-821000.0
Net Income - Discontinued ops,0.0,0.0,0.0,0.0,0.0,0.0,0.0,0.0,0.0,6813000.0
Net Income,32369000.0,59578000.0,15895000.0,-1731000.0,406453000.0,4990000.0,6012000.0,-330279000.0,0.0,-130027000.0
Preferred Dividends,0.0,0.0,0.0,0.0,0.0,0.0,0.0,0.0,0.0,0.0
Net Income Com,32369000.0,59578000.0,15895000.0,-1731000.0,406453000.0,4990000.0,6012000.0,-330279000.0,0.0,-130027000.0
EPS,0.52,0.84,0.21,-0.02,4.4,0.05,0.07,-3.58,0.0,-1.42
EPS Diluted,0.52,0.84,0.21,-0.02,4.4,0.05,0.07,-3.58,0.0,-1.42
Weighted Average Shs Out,62725954.0,70548411.0,74457541.0,87827869.0,92297467.0,92285888.0,92258110.0,92235360.0,0.0,92376009.0
Weighted Average Shs Out (Dil),62725954.0,70548411.0,74457541.0,87827869.0,92297467.0,92285888.0,92258110.0,92235360.0,0.0,92376009.0
Dividend per Share,0.0,0.0,0.0,0.0,0.0,0.0,0.0,0.0,0.0,0.0
Gross Margin,0.453054155029,0.967620146565,0.967538435829,0.973120505242,0.0,0.0,0.0,0.0,0.0,0.1747
EBITDA Margin,0.348235336791,0.113567350905,0.109991226604,0.0322611701052,0.74325697099,0.0754860730176,0.0837900657121,-2.55338128506,0.0,-1.403
EBIT Margin,0.266640066742,0.0236345601036,0.0204712566845,-0.0590636462535,0.731257649176,0.0059197293838,0.0153089041292,-2.66240148673,0.0,-1.5196
Profit Margin,0.29352715006,0.603040608932,0.166015625,-0.0166649016569,0.579097643021,0.0380173096849,0.0431289276593,-2.27331796125,0.0,-0.94
Free Cash Flow margin,0.351889803765,0.53403983967,0.104184074198,0.184016713038,0.468107478134,0.0970546108368,0.161884128669,-0.0844202773858,0.0,0.3486
EBITDA,38402000.0,11220000.0,10531000.0,3351000.0,521672000.0,9908000.0,11680000.0,-370968000.0,0.0,-193985000.0
EBIT,29404000.0,2335000.0,1960000.0,-6135000.0,513250000.0,777000.0,2134000.0,-386807000.0,0.0,-210097000.0
Consolidated Income,32369000.0,59578000.0,15895000.0,-1731000.0,406453000.0,4990000.0,6012000.0,-330279000.0,0.0,-130848000.0
Earnings Before Tax Margin,0.279897711197,0.41858982145,0.236161012701,-0.0111965803737,0.743469260108,0.033865118547,0.0460773623346,-2.65597274323,0.0,-1.528
Net Profit Margin,0.29352715006,0.603040608932,0.166015625,-0.0166649016569,0.579097643021,0.0380173096849,0.0431289276593,-2.27331796125,0.0,-0.9405
