date,,2020-12-31_FY,2019-12-31_FY,2018-12-31_FY,2017-12-31_FY,2016-12-31_FY,2015-12-31_FY,2014-12-31_FY,2013-12-31_FY,2012-12-31_FY,2011-12-31_FY,2010-12-31_FY,2009-12-31_FY,2008-12-31_FY,2007-12-31_FY
,revenue,2187700000.0,2781900000.0,3769600000.0,3458000000.0,3150100000.0,2639600000.0,2364500000.0,2173300000.0,1963400000.0,1886300000.0,1815000000.0,1729600000.0,1771400000.0,1102800000.0
,costOfRevenue,1284800000.0,1617100000.0,2142700000.0,1987200000.0,1827400000.0,1497500000.0,1318800000.0,1232200000.0,1087100000.0,1035200000.0,1001700000.0,997300000.0,1053000000.0,627400000.0
,grossProfit,902900000.0,1164800000.0,1626900000.0,1470800000.0,1322700000.0,1142100000.0,1045700000.0,941100000.0,876300000.0,851100000.0,813300000.0,732300000.0,718400000.0,475400000.0
,grossProfitRatio,0.412716551629565,0.418706639347209,0.431584252971138,0.425332562174667,0.419891432018031,0.432679193817245,0.442249947134701,0.433028113928128,0.446317612305185,0.451200763399247,0.448099173553719,0.423392691951896,0.405554928305295,0.431084512150889
,,,,,,,,,,,,,,,,,,,,,,,,,,,,,,,,,,,,,,,,,,,,,,,,,,,,,,,,,,,,,,,,,,,,,,,,,,,,,,,,,,,,,,,,,,,,,,,,,,,,,
COST And EXPENSES,,,,,,,,,,,,,,,,,,,,,,,,,,,,,,,,,,,,,,,,,,,,,,,,,,,,,,,,,,,,,,,,,,,,,,,,,,,,,,,,,,,,,,,,,,,,,,,,,,,,,
,ResearchAndDevelopmentExpenses,0.0,0.0,0.0,0.0,0.0,0.0,0.0,0.0,0.0,0.0,0.0,0.0,0.0,0.0
,GeneralAndAdministrativeExpenses,545400000.0,662000000.0,732800000.0,640200000.0,583100000.0,502000000.0,471400000.0,490000000.0,419100000.0,389400000.0,373200000.0,364600000.0,383700000.0,0.0
,SellingAndMarketingExpenses,0.0,0.0,0.0,0.0,0.0,0.0,0.0,0.0,0.0,0.0,0.0,0.0,0.0,0.0
,otherExpenses,-2100000.0,7700000.0,3500000.0,1900000.0,500000.0,4600000.0,3800000.0,2600000.0,4000000.0,0.0,0.0,0.0,0.0,0.0
,operatingExpenses,736700000.0,850700000.0,1002700000.0,904800000.0,823700000.0,714800000.0,668000000.0,684400000.0,609300000.0,569200000.0,544500000.0,537000000.0,566500000.0,0.0
,costAndExpenses,2021500000.0,2467800000.0,3145400000.0,2892000000.0,2651100000.0,2212300000.0,1986800000.0,1916600000.0,1696400000.0,1604400000.0,1546200000.0,1534300000.0,1619500000.0,996400000.0
,interestExpense,128900000.0,189500000.0,192000000.0,164000000.0,138800000.0,91400000.0,86200000.0,104700000.0,119400000.0,143100000.0,141400000.0,172600000.0,215200000.0,162300000.0
,,,,,,,,,,,,,,,,,,,,,,,,,,,,,,,,,,,,,,,,,,,,,,,,,,,,,,,,,,,,,,,,,,,,,,,,,,,,,,,,,,,,,,,,,,,,,,,,,,,,,
EBITDA,,,,,,,,,,,,,,,,,,,,,,,,,,,,,,,,,,,,,,,,,,,,,,,,,,,,,,,,,,,,,,,,,,,,,,,,,,,,,,,,,,,,,,,,,,,,,,,,,,,,,
,depreciationAndAmortization,191300000.0,188700000.0,269900000.0,264600000.0,240600000.0,212800000.0,196600000.0,194400000.0,190200000.0,179800000.0,171300000.0,172400000.0,182800000.0,126600000.0
,EBITDA,357500000.0,502800000.0,894100000.0,830600000.0,739600000.0,640100000.0,574300000.0,451100000.0,457200000.0,461700000.0,440100000.0,367700000.0,334700000.0,233000000.0
,EBITDARatio,0.16341363075376,0.18073978216327,0.237186969439728,0.240196645459803,0.234786197263579,0.242498863464161,0.242884330725312,0.207564533198362,0.232861362941836,0.244764883634629,0.242479338842975,0.21259250693802,0.188946595912837,0.211280377221618
,,,,,,,,,,,,,,,,,,,,,,,,,,,,,,,,,,,,,,,,,,,,,,,,,,,,,,,,,,,,,,,,,,,,,,,,,,,,,,,,,,,,,,,,,,,,,,,,,,,,,
INCOME,,,,,,,,,,,,,,,,,,,,,,,,,,,,,,,,,,,,,,,,,,,,,,,,,,,,,,,,,,,,,,,,,,,,,,,,,,,,,,,,,,,,,,,,,,,,,,,,,,,,,
,operatingIncome,166200000.0,314100000.0,624200000.0,566000000.0,499000000.0,427300000.0,377700000.0,256700000.0,267000000.0,281900000.0,268800000.0,195300000.0,151900000.0,106400000.0
,operatingIncomeRatio,0.075970197010559,0.112908443869298,0.165587860780985,0.163678426836322,0.158407669597791,0.161880587967874,0.159737788115881,0.118115308517002,0.135988591219313,0.149446005407411,0.148099173553719,0.112916281221092,0.085751383086824,0.0964816829887559
,totalOtherIncomeExpensesNet,-31900000.0,5500000.0,3500000.0,-4000000.0,-4900000.0,4600000.0,-26500000.0,-2800000.0,4000000.0,-48800000.0,-30600000.0,11600000.0,-184300000.0,7600000.0
,incomeBeforeTax,5400000.0,130100000.0,435700000.0,398000000.0,355300000.0,340500000.0,265000000.0,149200000.0,151600000.0,90000000.0,96800000.0,34300000.0,-247600000.0,-48300000.0
,incomeBeforeTaxRatio,0.0024683457512456,0.0467665983680219,0.115582555178268,0.115095430884905,0.112790070156503,0.128996817699651,0.112074434341298,0.0686513596834307,0.0772129978608536,0.04771245295022,0.0533333333333333,0.0198311748381129,-0.139776448007226,-0.04379760609358
,incomeTaxExpense,4900000.0,37700000.0,107700000.0,36000000.0,132900000.0,125900000.0,95700000.0,81500000.0,59600000.0,17800000.0,27200000.0,11100000.0,-31400000.0,-10000000.0
,netIncome,500000.0,188500000.0,328000000.0,362000000.0,222400000.0,214600000.0,169300000.0,67700000.0,92000000.0,72200000.0,69600000.0,23200000.0,-216200000.0,-38300000.0
,netIncomeRatio,0.000228550532522741,0.0677594449836443,0.0870118845500849,0.104684788895315,0.0706009333037046,0.0813001969995454,0.0716007612603087,0.031150784521235,0.0468574921055312,0.0382759900333987,0.0383471074380165,0.013413506012951,-0.122050355650898,-0.0347297787450127
,,,,,,,,,,,,,,,,,,,,,,,,,,,,,,,,,,,,,,,,,,,,,,,,,,,,,,,,,,,,,,,,,,,,,,,,,,,,,,,,,,,,,,,,,,,,,,,,,,,,,
EPS,,,,,,,,,,,,,,,,,,,,,,,,,,,,,,,,,,,,,,,,,,,,,,,,,,,,,,,,,,,,,,,,,,,,,,,,,,,,,,,,,,,,,,,,,,,,,,,,,,,,,
,EPS,0.003793103443044,1.43,2.44,2.66,1.62,1.53,1.21,0.49,0.67,0.53,0.52,0.21,-2.02,-0.36
,EPSDiluted,0.003793103443044,1.42,2.42,2.62,1.6,1.51,1.19,0.48,0.66,0.52,0.51,0.21,-2.02,-0.36
,weightedAverageShsOut,131818182.0,131818182.0,134426230.0,136090226.0,137283951.0,140261438.0,139917355.0,138163265.0,137313433.0,136000000.0,134900000.0,110476190.0,106900000.0,106700000.0
,weightedAverageShsOutDil,131818182.0,132900000.0,135700000.0,138000000.0,139100000.0,142300000.0,141800000.0,140800000.0,139000000.0,137800000.0,135900000.0,110476190.0,106900000.0,106700000.0
