Date,2018-12-31,2017-12-31,2016-12-31,2015-12-31,2014-12-31,2013-12-31,2012-12-31,2011-12-31,2010-12-31,2009-12-31
Revenue,521695000.0,436165000.0,417253000.0,792326000.0,1427336000.0,1591676000.0,1960070000.0,1729211000.0,1062595000.0,955699000.0
Revenue Growth,0.1961,0.0453,-0.4734,-0.4449,-0.1032,-0.1879,0.1335,0.6273,0.1119,-0.4117
Cost of Revenue,406396000.0,332332000.0,379428000.0,714637000.0,1059651000.0,1114462000.0,1308845000.0,1085190000.0,746441000.0,675942000.0
Gross Profit,115299000.0,103833000.0,-97045000.0,77689000.0,367685000.0,477214000.0,651225000.0,644021000.0,316154000.0,279757000.0
R&D Expenses,0.0,0.0,0.0,0.0,0.0,0.0,0.0,0.0,0.0,
SG&A Expense,91626000.0,115284000.0,169758000.0,202631000.0,249646000.0,221753000.0,230496000.0,223299000.0,186188000.0,172140000.0
Operating Expenses,174265000.0,201514000.0,684056000.0,1104998000.0,571560000.0,447050000.0,444279000.0,381268000.0,317279000.0,417102000.0
Operating Income,-58966000.0,-97681000.0,-266803000.0,-1027309000.0,-203875000.0,30164000.0,206946000.0,262753000.0,-1125000.0,-137345000.0
Interest Expense,34163000.0,31797000.0,-75684000.0,73847000.0,54227000.0,55204000.0,53566000.0,40849000.0,41240000.0,39405000.0
Earnings before Tax,-90775000.0,-122291000.0,-139151000.0,-1110550000.0,-259111000.0,-24832000.0,64974000.0,165578000.0,55534000.0,-222095000.0
Income Tax Expense,-1979000.0,-1702000.0,-2829000.0,-192849000.0,-80483000.0,-3064000.0,57352000.0,64117000.0,-17961000.0,-65974000.0
Net Income - Non-Controlling int,0.0,0.0,0.0,0.0,595000.0,1487000.0,-806000.0,-3146000.0,-555000.0,
Net Income - Discontinued ops,0.0,0.0,0.0,0.0,0.0,93568000.0,10681000.0,-94753000.0,45428000.0,
Net Income,-88796000.0,-120589000.0,-917701000.0,-178628000.0,-21768000.0,7622000.0,101461000.0,73495000.0,-156121000.0,
Preferred Dividends,0.0,0.0,0.0,0.0,0.0,0.0,0.0,0.0,0.0,
Net Income Com,-88796000.0,-120589000.0,-141980000.0,-917701000.0,-178628000.0,-21768000.0,7622000.0,101461000.0,73495000.0,-156121000.0
EPS,-4.38,-6.0,-7.07,-1172.0,-232.0,-28.0,10.0,140.0,114.0,-258.0
EPS Diluted,-4.38,-6.0,-7.07,-1172.0,-232.0,-28.0,10.0,138.0,114.0,-258.0
Weighted Average Shs Out,20297359.0,20109885.0,20096000.0,787850.0,767372.0,761624.0,755561.0,753689.0,707135.0,619714.0
Weighted Average Shs Out (Dil),20250000.0,20105000.0,782990.0,766855.0,761355.0,755530.0,729545.0,646840.0,605360.0,
Dividend per Share,0.0,0.0,0.0,0.0,0.0,0.0,0.0,0.0,0.0,
Gross Margin,0.221,0.2381,-0.2326,0.0981,0.2576,0.2998,0.3322,0.3724,0.2975,0.2927
EBITDA Margin,0.05,-0.014,-1.081,-0.003,0.161,0.17,0.217,0.226,-0.014,
EBIT Margin,-0.1085,-0.2075,-0.6394,-1.3084,-0.1435,0.0191,0.0605,0.1194,0.0911,-0.1912
Profit Margin,-0.17,-0.276,-1.158,-0.125,-0.014,0.004,0.059,0.069,-0.163,
Free Cash Flow margin,-0.0755,-0.1546,-0.0798,0.0018,0.0405,-0.0308,-0.0906,0.1955,0.0649,
EBITDA,26027000.0,-5952000.0,-856432000.0,-4146000.0,255669000.0,332323000.0,376031000.0,240579000.0,-13128000.0,
EBIT,-56612000.0,-90494000.0,-266803000.0,-1036703000.0,-204884000.0,30372000.0,118540000.0,206427000.0,96774000.0,-182690000.0
Consolidated Income,-88796000.0,-120589000.0,-917701000.0,-178628000.0,-21173000.0,9109000.0,100655000.0,70349000.0,-156676000.0,
Earnings Before Tax Margin,-0.174,-0.2804,-0.3335,-1.4016,-0.1815,-0.0156,0.0331,0.0958,0.0523,-0.2324
Net Profit Margin,-0.1702,-0.2765,-1.1582,-0.1251,-0.0137,0.0039,0.0587,0.0692,-0.1634,
