Date,2018-12-31,2017-12-31,2016-12-31,2015-12-31,2014-12-31,2013-12-31,2012-12-31,2011-12-31,2010-12-31,2009-12-31
Revenue,1418353000.0,1357940000.0,1319706000.0,1319238000.0,1217331000.0,1073728000.0,1005487000.0,1004747000.0,886657000.0,910136000.0
Revenue Growth,0.0445,0.029,0.0004,0.0837,0.1337,0.0679,0.0007,0.1332,-0.0258,-0.0871
Cost of Revenue,999745000.0,949884000.0,911207000.0,905124000.0,842750000.0,729352000.0,684901000.0,687000000.0,602811000.0,624157000.0
Gross Profit,418608000.0,408056000.0,408499000.0,414114000.0,374581000.0,344376000.0,320586000.0,317747000.0,283846000.0,285979000.0
R&D Expenses,0.0,0.0,0.0,0.0,0.0,0.0,0.0,0.0,0.0,0.0
SG&A Expense,329126000.0,331172000.0,340742000.0,330034000.0,315338000.0,307944000.0,305940000.0,274072000.0,251156000.0,251268000.0
Operating Expenses,336957000.0,339427000.0,349443000.0,339865000.0,325232000.0,332300000.0,385887000.0,286577000.0,263767000.0,262941000.0
Operating Income,81651000.0,68629000.0,59056000.0,74249000.0,49349000.0,12076000.0,-65301000.0,31170000.0,20079000.0,23038000.0
Interest Expense,0.0,0.0,0.0,0.0,0.0,1225000.0,954000.0,1196000.0,1214000.0,1437000.0
Earnings before Tax,77153000.0,64094000.0,55955000.0,71672000.0,109474000.0,16422000.0,-37930000.0,38014000.0,27503000.0,21893000.0
Income Tax Expense,19173000.0,30809000.0,23182000.0,28848000.0,18559000.0,5635000.0,-24227000.0,10858000.0,6869000.0,9020000.0
Net Income - Non-Controlling int,0.0,0.0,0.0,0.0,0.0,0.0,0.0,0.0,0.0,0.0
Net Income - Discontinued ops,0.0,0.0,0.0,0.0,-61517000.0,-5493000.0,-28428000.0,-8100000.0,-8638000.0,0.0
Net Income,57980000.0,33285000.0,32773000.0,42824000.0,90915000.0,10787000.0,-13703000.0,27156000.0,20634000.0,12873000.0
Preferred Dividends,0.0,0.0,0.0,0.0,0.0,0.0,0.0,0.0,0.0,0.0
Net Income Com,57980000.0,33285000.0,32773000.0,42824000.0,90915000.0,10787000.0,-13703000.0,27156000.0,20634000.0,12873000.0
EPS,2.34,1.32,1.26,1.53,2.89,0.32,-0.38,0.72,0.52,0.33
EPS Diluted,2.3,1.3,1.25,1.52,2.87,0.32,-0.38,0.7,0.51,0.33
Weighted Average Shs Out,26065231.0,26467271.0,27119027.0,28920792.0,30587754.0,33726786.0,35955681.0,37869878.0,39555900.0,38889300.0
Weighted Average Shs Out (Dil),24738000.0,25222000.0,26099000.0,27910000.0,31475000.0,33511000.0,35791000.0,37835000.0,39480000.0,38485000.0
Dividend per Share,0.6,0.48,0.48,0.45,0.4,0.1,1.0,0.0,0.0,0.0
Gross Margin,0.2951,0.3005,0.3095,0.3139,0.3077,0.3207,0.3188,0.3162,0.3201,0.3142
EBITDA Margin,0.06,0.053,0.049,0.062,0.098,0.026,-0.026,0.052,0.047,0.038
EBIT Margin,0.0544,0.0472,0.0424,0.0543,0.0899,0.0164,-0.0368,0.039,0.0324,0.0256
Profit Margin,0.041,0.025,0.025,0.032,0.075,0.01,-0.014,0.027,0.023,0.014
Free Cash Flow margin,0.0582,0.0173,0.0208,0.0473,-0.026,-0.0072,0.0499,0.0246,-0.0103,0.0427
EBITDA,85418000.0,72602000.0,64751000.0,81521000.0,119532000.0,27493000.0,-26114000.0,51904000.0,41328000.0,35003000.0
EBIT,77153000.0,64094000.0,55955000.0,71672000.0,109474000.0,17647000.0,-36976000.0,39210000.0,28717000.0,23330000.0
Consolidated Income,57980000.0,33285000.0,32773000.0,42824000.0,90915000.0,10787000.0,-13703000.0,27156000.0,20634000.0,12873000.0
Earnings Before Tax Margin,0.0544,0.0472,0.0424,0.0543,0.0899,0.0153,-0.0377,0.0378,0.031,0.0241
Net Profit Margin,0.0409,0.0245,0.0248,0.0325,0.0747,0.01,-0.0136,0.027,0.0233,0.0141
