Date,2018-12-31,2017-12-31,2016-12-31,2015-12-31,2014-12-31,2013-12-31,2012-12-31,2011-12-31,2010-12-31,2009-12-31
Revenue,193194000.0,176630000.0,159966000.0,158224000.0,172278000.0,159591000.0,228547000.0,164881000.0,309311000.0,
Revenue Growth,0.0938,0.1042,0.011,-0.0816,0.0795,-0.3017,0.3861,-0.4669,-0.1508,
Cost of Revenue,157523000.0,138364000.0,119629000.0,113345000.0,112530000.0,115606000.0,167450000.0,250733000.0,284495000.0,
Gross Profit,26330000.0,35671000.0,38266000.0,40337000.0,44879000.0,59748000.0,43985000.0,61097000.0,-85852000.0,24816000.0
R&D Expenses,0.0,0.0,0.0,0.0,0.0,0.0,0.0,0.0,0.0,
SG&A Expense,46269000.0,41629000.0,41760000.0,41613000.0,79812000.0,73856000.0,77936000.0,101644000.0,85066000.0,
Operating Expenses,56393000.0,53723000.0,45113000.0,41865000.0,42190000.0,87034000.0,76870000.0,80839000.0,110816000.0,110451000.0
Operating Income,-12794000.0,-18052000.0,-6847000.0,-1528000.0,2689000.0,-27286000.0,-32885000.0,-19742000.0,-196668000.0,-85635000.0
Interest Expense,-6091000.0,4977000.0,4496000.0,5278000.0,5645000.0,7263000.0,7638000.0,7478000.0,14825000.0,23912000.0
Earnings before Tax,-33230000.0,-8917000.0,1200000.0,-14041000.0,-36928000.0,-49066000.0,-20307000.0,-163966000.0,-320697000.0,
Income Tax Expense,-17761000.0,-9720000.0,93000.0,-1221000.0,-67000.0,3017000.0,-169000.0,-6118000.0,-30410000.0,
Net Income - Non-Controlling int,4337000.0,-281000.0,162000.0,1596000.0,777000.0,-1195000.0,-7233000.0,-3714000.0,0.0,
Net Income - Discontinued ops,-1017000.0,-1255000.0,-12684000.0,-3442000.0,0.0,0.0,1293000.0,-22882000.0,220651000.0,
Net Income,-15469000.0,803000.0,1107000.0,-12820000.0,-36861000.0,-52083000.0,-20138000.0,-157848000.0,-290287000.0,
Preferred Dividends,350000.0,565000.0,394000.0,300000.0,0.0,0.0,0.0,7428000.0,0.0,
Net Income Com,-15819000.0,238000.0,713000.0,-13120000.0,-36861000.0,-52083000.0,-20138000.0,-165276000.0,-290287000.0,
EPS,-0.73,0.01,0.04,-0.75,-2.61,-4.05,-2.09,-12.4,-21.52,
EPS Diluted,-0.73,0.01,0.04,-0.75,-2.61,-4.05,-2.09,-12.4,-21.52,
Weighted Average Shs Out,23660855.0,19842806.0,19709706.0,19709706.0,16429761.0,13148971.0,13023957.0,12898957.0,13767132.0,
Weighted Average Shs Out (Dil),21547000.0,20003000.0,19710000.0,17398000.0,14111000.0,13149000.0,13086000.0,13023500.0,13767132.0,
Dividend per Share,0.0,0.0,0.0,1.41,1.8,4.32,6.68,6.24,5.862,
Gross Margin,0.1846,0.2166,0.2522,0.2836,0.3468,0.2756,0.2673,-0.5207,0.0802,
EBITDA Margin,-0.117,-0.009,0.052,-0.043,-0.15,-0.241,-0.046,-0.853,-0.925,
EBIT Margin,-0.1462,-0.025,0.0405,-0.0531,-0.1722,-0.2596,-0.0561,-0.9045,-0.9595,
Profit Margin,-0.082,0.001,0.004,-0.083,-0.214,-0.326,-0.088,-1.002,-0.938,
Free Cash Flow margin,-0.0747,-0.0919,-0.2063,-0.0738,-0.2492,-0.2937,-0.3389,-0.8181,-2.4368,
EBITDA,-22681000.0,-1641000.0,8323000.0,-6761000.0,-25827000.0,-38473000.0,-10558000.0,-140592000.0,-286183000.0,
EBIT,-12794000.0,-28253000.0,-4421000.0,6478000.0,-8396000.0,-29665000.0,-41428000.0,-12829000.0,-149141000.0,-296785000.0
Consolidated Income,-11132000.0,522000.0,1269000.0,-11224000.0,-36084000.0,-53278000.0,-27371000.0,-161562000.0,-290287000.0,
Earnings Before Tax Margin,-0.172,-0.0505,0.0075,-0.0887,-0.2144,-0.3074,-0.0889,-0.9945,-1.0368,
Net Profit Margin,-0.0801,0.0045,0.0069,-0.081,-0.214,-0.3264,-0.0881,-0.9573,-0.9385,
