date,,2020-12-31_FY,2019-12-31_FY,2018-12-31_FY,2017-12-31_FY,2016-12-31_FY,2015-12-31_FY,2014-12-31_FY,2013-12-31_FY,2012-12-31_FY,2011-12-31_FY,2010-12-31_FY,2009-12-31_FY,2008-12-31_FY,2007-12-31_FY,2006-12-31_FY,2005-12-31_FY,2004-12-31_FY,2003-12-31_FY,2002-12-31_FY,2001-12-31_FY,2000-12-31_FY,1999-12-31_FY,1998-12-31_FY,1997-12-31_FY,1996-12-31_FY,1995-12-31_FY,1994-12-31_FY,1993-12-31_FY,1992-12-31_FY,1991-12-31_FY,1990-12-31_FY,1989-12-31_FY,1988-12-31_FY,1987-12-31_FY,1986-12-31_FY,1985-12-31_FY
,revenue,1029000000.0,1242000000.0,1325000000.0,1386000000.0,1643000000.0,1803000000.0,2116000000.0,805000000.0,4114000000.0,6022000000.0,7187000000.0,9416000000.0,10301000000.0,10301000000.0,13274000000.0,14268000000.0,13517000000.0,13317000000.0,12835000000.0,13234000000.0,13994000000.0,14089000000.0,13406000000.0,14538000000.0,15968000000.0,14980000000.0,13557000000.0,16364000000.0,20183000000.0,19419000000.0,18908000000.0,18398000000.0,17034000000.0,13305000000.0,11550000000.0,10631000000.0
,costOfRevenue,894000000.0,1060000000.0,1144000000.0,1175000000.0,1240000000.0,1422000000.0,1660000000.0,687000000.0,3523000000.0,5135000000.0,5236000000.0,7247000000.0,7757000000.0,7785000000.0,9906000000.0,10617000000.0,9548000000.0,9033000000.0,8225000000.0,8670000000.0,8019000000.0,7069000000.0,6440000000.0,7151000000.0,7423000000.0,7046000000.0,6442000000.0,6952000000.0,8853000000.0,8508000000.0,9657000000.0,9749000000.0,8418000000.0,7009000000.0,6638000000.0,6291000000.0
,grossProfit,135000000.0,182000000.0,181000000.0,211000000.0,403000000.0,381000000.0,456000000.0,118000000.0,591000000.0,887000000.0,1951000000.0,2169000000.0,2544000000.0,2516000000.0,3368000000.0,3651000000.0,3969000000.0,4284000000.0,4610000000.0,4564000000.0,5975000000.0,7020000000.0,6966000000.0,7387000000.0,8545000000.0,7934000000.0,7115000000.0,9412000000.0,11330000000.0,10911000000.0,9251000000.0,8649000000.0,8616000000.0,6296000000.0,4912000000.0,4340000000.0
,grossProfitRatio,0.131195335276968,0.146537842190016,0.136603773584906,0.152236652236652,0.245283018867925,0.211314475873544,0.215500945179584,0.146583850931677,0.143655809431211,0.147293258053803,0.271462362599137,0.2303525913339,0.246966313950102,0.244248131249393,0.253729094470393,0.255887300252313,0.293630243397204,0.321694075242172,0.359174133229451,0.344869276106997,0.426968700871802,0.498261054723543,0.519618081456064,0.508116659788141,0.535132765531062,0.529639519359146,0.524821125617762,0.575164996333415,0.561363523757618,0.561872393017148,0.489263803680982,0.470105446244157,0.505811905600564,0.473205561818865,0.425281385281385,0.408240052676136
,,,,,,,,,,,,,,,,,,,,,,,,,,,,,,,,,,,,,,,,,,,,,,,,,,,,,,,,,,,,,,,,,,,,,,,,,,,,,,,,,,,,,,,,,,,,,,,,,,,,,
COST And EXPENSES,,,,,,,,,,,,,,,,,,,,,,,,,,,,,,,,,,,,,,,,,,,,,,,,,,,,,,,,,,,,,,,,,,,,,,,,,,,,,,,,,,,,,,,,,,,,,,,,,,,,,
,ResearchAndDevelopmentExpenses,34000000.0,42000000.0,48000000.0,64000000.0,60000000.0,61000000.0,94000000.0,33000000.0,207000000.0,274000000.0,321000000.0,478000000.0,549000000.0,535000000.0,710000000.0,892000000.0,854000000.0,781000000.0,762000000.0,779000000.0,784000000.0,817000000.0,880000000.0,1044000000.0,1028000000.0,935000000.0,859000000.0,0.0,0.0,0.0,0.0,0.0,0.0,0.0,0.0,0.0
,GeneralAndAdministrativeExpenses,172000000.0,211000000.0,225000000.0,239000000.0,198000000.0,226000000.0,310000000.0,114000000.0,824000000.0,1159000000.0,1277000000.0,1606000000.0,1778000000.0,1764000000.0,2389000000.0,2668000000.0,2507000000.0,0.0,0.0,0.0,0.0,0.0,0.0,0.0,0.0,0.0,0.0,0.0,0.0,0.0,0.0,0.0,0.0,0.0,0.0,0.0
,SellingAndMarketingExpenses,0.0,0.0,0.0,0.0,0.0,0.0,0.0,0.0,0.0,0.0,0.0,0.0,0.0,0.0,0.0,0.0,0.0,0.0,0.0,0.0,0.0,0.0,0.0,0.0,0.0,0.0,0.0,0.0,0.0,0.0,0.0,0.0,0.0,0.0,0.0,0.0
,otherExpenses,99000000.0,1000000.0,-7000000.0,12000000.0,1000000.0,3000000.0,12000000.0,2000000.0,-95000000.0,-67000000.0,619000000.0,766000000.0,-96000000.0,-96000000.0,0.0,0.0,0.0,0.0,0.0,0.0,0.0,0.0,0.0,0.0,0.0,0.0,0.0,0.0,0.0,0.0,0.0,0.0,0.0,0.0,0.0,0.0
,operatingExpenses,199000000.0,248000000.0,282000000.0,258000000.0,213000000.0,290000000.0,407000000.0,2000000.0,1029000000.0,1434000000.0,2217000000.0,1570000000.0,2065000000.0,2299000000.0,3099000000.0,3541000000.0,3361000000.0,3429000000.0,3292000000.0,3560000000.0,3761000000.0,5030000000.0,5036000000.0,5784000000.0,6341000000.0,6009000000.0,5453000000.0,7401000000.0,8995000000.0,8536000000.0,6407000000.0,7058000000.0,5678000000.0,4185000000.0,3668000000.0,3216000000.0
,costAndExpenses,1093000000.0,1344000000.0,1443000000.0,1593000000.0,1528000000.0,1754000000.0,2145000000.0,689000000.0,4554000000.0,6568000000.0,6834000000.0,8013000000.0,7661000000.0,7689000000.0,13005000000.0,14177000000.0,12909000000.0,12462000000.0,11517000000.0,12230000000.0,11780000000.0,12099000000.0,11476000000.0,12935000000.0,13764000000.0,13055000000.0,11895000000.0,14353000000.0,17848000000.0,17044000000.0,16064000000.0,16807000000.0,14096000000.0,11194000000.0,10306000000.0,9507000000.0
,interestExpense,12000000.0,16000000.0,9000000.0,32000000.0,60000000.0,63000000.0,62000000.0,0.0,158000000.0,156000000.0,149000000.0,821000000.0,230000000.0,-113000000.0,-262000000.0,-211000000.0,-168000000.0,148000000.0,173000000.0,219000000.0,178000000.0,0.0,110000000.0,0.0,83000000.0,78000000.0,142000000.0,635000000.0,813000000.0,819000000.0,812000000.0,895000000.0,697000000.0,0.0,200000000.0,183000000.0
,,,,,,,,,,,,,,,,,,,,,,,,,,,,,,,,,,,,,,,,,,,,,,,,,,,,,,,,,,,,,,,,,,,,,,,,,,,,,,,,,,,,,,,,,,,,,,,,,,,,,
EBITDA,,,,,,,,,,,,,,,,,,,,,,,,,,,,,,,,,,,,,,,,,,,,,,,,,,,,,,,,,,,,,,,,,,,,,,,,,,,,,,,,,,,,,,,,,,,,,,,,,,,,,
,depreciationAndAmortization,37000000.0,55000000.0,73000000.0,80000000.0,105000000.0,145000000.0,199000000.0,75000000.0,242000000.0,294000000.0,378000000.0,427000000.0,500000000.0,785000000.0,1331000000.0,1402000000.0,1030000000.0,864000000.0,834000000.0,154000000.0,889000000.0,918000000.0,853000000.0,828000000.0,903000000.0,916000000.0,883000000.0,1111000000.0,1539000000.0,1477000000.0,1309000000.0,1326000000.0,1183000000.0,995000000.0,975000000.0,838000000.0
,EBITDA,-27000000.0,-47000000.0,-45000000.0,-127000000.0,220000000.0,194000000.0,170000000.0,77000000.0,-331000000.0,-306000000.0,42000000.0,1193000000.0,404000000.0,689000000.0,731000000.0,-53000000.0,1111000000.0,1719000000.0,2152000000.0,1158000000.0,3103000000.0,2908000000.0,2783000000.0,2431000000.0,3107000000.0,2841000000.0,2545000000.0,3122000000.0,3874000000.0,3852000000.0,4153000000.0,2917000000.0,4121000000.0,3106000000.0,2219000000.0,1962000000.0
,EBITDARatio,-0.0262390670553936,-0.0378421900161031,-0.0339622641509434,-0.0916305916305916,0.133901399878271,0.107598447032723,0.0803402646502836,0.0956521739130435,-0.0804569761789013,-0.0508136831617403,0.00584388479198553,0.126699235344095,0.0392194932530822,0.0668867100281526,0.0550700617748983,-0.00371460611157836,0.0821927942590812,0.129083126830367,0.167666536813401,0.0875018890735983,0.221737887666143,0.20640215771169,0.207593614799344,0.167216948686202,0.194576653306613,0.189652870493992,0.187725898060043,0.190784649230017,0.19194371500768,0.198362428549359,0.21964247937381,0.158549842374171,0.241927908888106,0.233446072904923,0.192121212121212,0.184554604458659
,,,,,,,,,,,,,,,,,,,,,,,,,,,,,,,,,,,,,,,,,,,,,,,,,,,,,,,,,,,,,,,,,,,,,,,,,,,,,,,,,,,,,,,,,,,,,,,,,,,,,
INCOME,,,,,,,,,,,,,,,,,,,,,,,,,,,,,,,,,,,,,,,,,,,,,,,,,,,,,,,,,,,,,,,,,,,,,,,,,,,,,,,,,,,,,,,,,,,,,,,,,,,,,
,operatingIncome,-64000000.0,-102000000.0,-118000000.0,-207000000.0,115000000.0,49000000.0,-29000000.0,2000000.0,-573000000.0,-600000000.0,-336000000.0,766000000.0,-96000000.0,-96000000.0,-600000000.0,-1455000000.0,81000000.0,855000000.0,1318000000.0,1004000000.0,2214000000.0,1990000000.0,1930000000.0,1603000000.0,2204000000.0,1925000000.0,1662000000.0,2011000000.0,2335000000.0,2375000000.0,2844000000.0,1591000000.0,2938000000.0,2111000000.0,1244000000.0,1124000000.0
,operatingIncomeRatio,-0.0621963070942663,-0.0821256038647343,-0.0890566037735849,-0.149350649350649,0.0699939135727328,0.0271769273433167,-0.0137051039697543,0.00248447204968944,-0.139280505590666,-0.0996346728661574,-0.0467510783358842,0.0813508920985556,-0.00931948354528687,-0.00931948354528687,-0.0452011450956758,-0.101976450798991,0.0059924539468817,0.0642036494706015,0.102687962602259,0.0758651957080248,0.158210661712162,0.141244942863227,0.143965388631956,0.110262759664328,0.138026052104208,0.128504672897196,0.122593494135871,0.122891713517477,0.115691423475202,0.122302899222411,0.15041252379945,0.0864767909555386,0.17247857226723,0.158662157083803,0.107705627705628,0.105728529771423
,totalOtherIncomeExpensesNet,-300000000.0,103000000.0,130000000.0,194000000.0,-2000000.0,-5000000.0,-5000000.0,2000000.0,-95000000.0,-67000000.0,619000000.0,766000000.0,-96000000.0,-96000000.0,118000000.0,44000000.0,161000000.0,-535000000.0,-188000000.0,-677000000.0,96000000.0,261000000.0,286000000.0,-1452000000.0,-565000000.0,79000000.0,-518000000.0,-520000000.0,79000000.0,-1545000000.0,-775000000.0,229000000.0,-5000000.0,54000000.0,-446000000.0,-411000000.0
,incomeBeforeTax,-376000000.0,-60000000.0,-13000000.0,-26000000.0,51000000.0,-35000000.0,-112000000.0,-48000000.0,-1303000000.0,-767000000.0,-675000000.0,-821000000.0,-230000000.0,-256000000.0,-202000000.0,-599000000.0,-87000000.0,172000000.0,946000000.0,108000000.0,2132000000.0,2109000000.0,2106000000.0,53000000.0,1556000000.0,1926000000.0,1002000000.0,856000000.0,1601000000.0,11000000.0,1257000000.0,925000000.0,2236000000.0,1984000000.0,598000000.0,530000000.0
,incomeBeforeTaxRatio,-0.365403304178814,-0.0483091787439614,-0.00981132075471698,-0.0187590187590188,0.0310407790626902,-0.0194120909595119,-0.052930056710775,-0.0596273291925466,-0.316723383568303,-0.127366323480571,-0.0939195770140532,-0.0871920135938827,-0.0223279293272498,-0.024851956120765,-0.0152177188488775,-0.041982057751612,-0.0064363394244285,0.0129158218818052,0.0737047136735489,0.00816079794468792,0.152351007574675,0.149691248491731,0.15709383857974,0.00364561837941945,0.0974448897795591,0.128571428571429,0.0739101571144058,0.0523099486678074,0.0793241837189714,0.000566455533240641,0.0664797969113603,0.0502772040439178,0.131266878008688,0.149116873355881,0.0517748917748918,0.0498541999811871
,incomeTaxExpense,168000000.0,31000000.0,-4000000.0,-127000000.0,33000000.0,32000000.0,10000000.0,8000000.0,-257000000.0,9000000.0,114000000.0,0.0,-51000000.0,-51000000.0,254000000.0,689000000.0,-175000000.0,-66000000.0,153000000.0,32000000.0,725000000.0,717000000.0,716000000.0,48000000.0,545000000.0,674000000.0,448000000.0,381000000.0,607000000.0,-6000000.0,554000000.0,396000000.0,839000000.0,806000000.0,224000000.0,198000000.0
,netIncome,-541000000.0,116000000.0,-16000000.0,95000000.0,15000000.0,-80000000.0,-123000000.0,-56000000.0,-1379000000.0,-764000000.0,-687000000.0,-821000000.0,-179000000.0,-205000000.0,-456000000.0,-1288000000.0,88000000.0,265000000.0,770000000.0,76000000.0,1407000000.0,1392000000.0,1390000000.0,5000000.0,1288000000.0,1252000000.0,557000000.0,-1515000000.0,1146000000.0,17000000.0,703000000.0,529000000.0,1397000000.0,1178000000.0,374000000.0,332000000.0
,netIncomeRatio,-0.52575315840622,0.0933977455716586,-0.0120754716981132,0.0685425685425685,0.00912964090079124,-0.0443704936217415,-0.0581285444234405,-0.0695652173913043,-0.335196888672824,-0.12686815011624,-0.0955892583831919,-0.0871920135938827,-0.0173769536938161,-0.0199009804873313,-0.0343528702727136,-0.0902719372021306,0.00651032033735296,0.0198993767365022,0.0599922088040514,0.00574278373885447,0.10054308989567,0.0988004826460359,0.103684917201253,0.000343926262209382,0.0806613226452906,0.0835781041388518,0.0410857859408424,-0.0925812759716451,0.056780458801962,0.000875431278644626,0.0371800296170933,0.0287531253397108,0.0820124456968416,0.0885381435550545,0.0323809523809524,0.0312294233844417
,,,,,,,,,,,,,,,,,,,,,,,,,,,,,,,,,,,,,,,,,,,,,,,,,,,,,,,,,,,,,,,,,,,,,,,,,,,,,,,,,,,,,,,,,,,,,,,,,,,,,
EPS,,,,,,,,,,,,,,,,,,,,,,,,,,,,,,,,,,,,,,,,,,,,,,,,,,,,,,,,,,,,,,,,,,,,,,,,,,,,,,,,,,,,,,,,,,,,,,,,,,,,,
,EPS,-1.88517017950416,2.69767,-0.37471,2.22482,0.35294,-1.90931,-2.94964,-1.34293,-5.07358,-2.81089,-2554853.10524,0.37007,-0.50808,-0.71,-2.09,-5.05,0.28,0.92,2.64,0.26,4.62,4.38,4.3,0.01,3.82,3.67,1.66,-4.64,3.53,0.05,2.17,1.63,4.31,3.52,1.11,0.97
,EPSDiluted,-1.88517017950416,2.69767,-0.37471,2.22482,0.35294,-1.90931,-2.94964,-1.34293,-5.07358,-2.81089,-2554853.10524,0.37007,-0.50808,-0.71,-2.09,-5.05,0.28,0.92,2.64,0.26,4.59,4.33,4.24,0.01,3.82,3.67,1.63,-4.64,3.41,0.05,2.17,1.63,4.31,3.52,1.11,0.97
,weightedAverageShsOut,286976744.0,286976744.0,286976744.0,286976744.0,286976744.0,286976744.0,286976744.0,286976744.0,286976744.0,286976744.0,286976744.0,286976744.0,286976744.0,286976744.0,286976744.0,286976744.0,286976744.0,288043478.0,291500000.0,290600000.0,304900000.0,318000000.0,323300000.0,327400000.0,337400000.0,341500000.0,335700000.0,326508621.0,324645892.0,340000000.0,323963134.0,324539877.0,324129930.0,334659091.0,336936937.0,342268041.0
,weightedAverageShsOutDil,286976744.0,286976744.0,286976744.0,286976744.0,286976744.0,286976744.0,286976744.0,286976744.0,286976744.0,286976744.0,286976744.0,286976744.0,286976744.0,286976744.0,286976744.0,286976744.0,286976744.0,288043478.0,291700000.0,291000000.0,306600000.0,321500000.0,327800000.0,331900000.0,339000000.0,341500000.0,340200000.0,326508621.0,336070381.0,340000000.0,323963134.0,324539877.0,324129930.0,334659091.0,336936937.0,342268041.0
