Date,2018-12-31,2017-12-31,2016-12-31,2015-12-31,2014-12-31,2013-12-31,2012-12-31,2011-12-31,2010-12-31,2009-12-31
Revenue,11957900000.0,11276400000.0,13731100000.0,17062700000.0,18248300000.0,14474200000.0,9930800000.0,9118300000.0,8364200000.0,6963500000.0
Revenue Growth,0.0604,-0.1788,-0.1953,-0.065,0.2607,0.4575,0.0891,0.0902,0.2011,-0.088
Cost of Revenue,4963300000.0,4633100000.0,5424200000.0,6273400000.0,6818900000.0,5434800000.0,3349700000.0,3098900000.0,3010500000.0,2604400000.0
Gross Profit,6994600000.0,6643300000.0,8306900000.0,10789300000.0,11429400000.0,9039400000.0,6581100000.0,6019400000.0,5353700000.0,4359100000.0
R&D Expenses,0.0,0.0,0.0,0.0,0.0,0.0,0.0,0.0,0.0,0.0
SG&A Expense,2049100000.0,1980400000.0,2494600000.0,2928800000.0,3164300000.0,2599400000.0,1860300000.0,1708200000.0,1583000000.0,1325600000.0
Operating Expenses,6155500000.0,5850900000.0,6736800000.0,8688200000.0,9201200000.0,7027300000.0,4598000000.0,4196500000.0,3960100000.0,3455000000.0
Operating Income,839100000.0,792400000.0,1570100000.0,2101100000.0,2228200000.0,2012100000.0,1983100000.0,1822900000.0,1393600000.0,904100000.0
Interest Expense,1478700000.0,1416100000.0,1866100000.0,2284100000.0,2544700000.0,2286900000.0,1673600000.0,1453700000.0,1283600000.0,807600000.0
Earnings before Tax,2298600000.0,-2539200000.0,298300000.0,-828200000.0,-770000000.0,-608400000.0,397800000.0,-531600000.0,191300000.0,-1217200000.0
Income Tax Expense,1573300000.0,238900000.0,-1407000000.0,324300000.0,-75000000.0,355500000.0,75000000.0,241100000.0,-196900000.0,-805100000.0
Net Income - Non-Controlling int,124700000.0,57500000.0,62000000.0,103000000.0,47600000.0,58200000.0,64500000.0,101700000.0,175800000.0,426200000.0
Net Income - Discontinued ops,-2261500000.0,370600000.0,-117000000.0,-51700000.0,-333500000.0,23700000.0,-971200000.0,-130500000.0,-1517700000.0,-113900000.0
Net Income,725300000.0,-2778100000.0,1705300000.0,-1152500000.0,-695000000.0,-963900000.0,322800000.0,-772700000.0,388200000.0,-412100000.0
Preferred Dividends,0.0,0.0,0.0,0.0,0.0,0.0,0.0,0.0,0.0,0.0
Net Income Com,725300000.0,-2778100000.0,1705300000.0,-1152500000.0,-695000000.0,-963900000.0,322800000.0,-772700000.0,388200000.0,-412100000.0
EPS,-1.97,-2.86,1.83,-0.19,-0.87,-1.43,0.6,-1.497,0.787,-0.782
EPS Diluted,-1.97,-2.86,1.81,-0.19,-0.87,-1.43,0.6,-1.497,0.787,-0.782
Weighted Average Shs Out,753819526.0,820506779.0,906334516.0,860347633.0,780547864.0,773226718.0,514186947.0,540839657.0,474523579.0,510694718.0
Weighted Average Shs Out (Dil),753819526.0,820506779.0,906334516.0,860347633.0,798869761.0,672348540.0,534641440.0,516143683.0,494516287.0,526085286.0
Dividend per Share,0.0,0.0,0.0,3.0,0.0,0.0,0.0,0.0,0.0,0.0
Gross Margin,0.5849,0.5891,0.605,0.6323,0.6263,0.6245,0.6627,0.6601,0.6401,0.626
EBITDA Margin,0.639,0.237,0.458,0.414,0.399,0.411,0.477,0.367,0.446,0.227
EBIT Margin,0.3159,-0.0996,0.1576,0.0853,0.0973,0.116,0.2086,0.1011,0.1763,-0.0588
Profit Margin,0.061,-0.246,0.124,-0.068,-0.038,-0.067,0.033,-0.085,0.046,-0.059
Free Cash Flow margin,0.3772,0.3953,0.3205,0.2028,0.1599,0.1002,0.1059,0.0894,0.0764,0.2587
EBITDA,7635500000.0,2667500000.0,6282100000.0,7065300000.0,7274800000.0,5954900000.0,4732900000.0,3346400000.0,3726400000.0,1581700000.0
EBIT,3777300000.0,-1123100000.0,2164400000.0,1455900000.0,1774700000.0,1678500000.0,2071400000.0,922100000.0,1474900000.0,-409600000.0
Consolidated Income,850000000.0,-2720600000.0,1767300000.0,-1049500000.0,-647400000.0,-905700000.0,387300000.0,-671000000.0,564000000.0,14100000.0
Earnings Before Tax Margin,0.1922,-0.2252,0.0217,-0.0485,-0.0422,-0.042,0.0401,-0.0583,0.0229,-0.1748
Net Profit Margin,0.0607,-0.2464,0.1242,-0.0675,-0.0381,-0.0666,0.0325,-0.0847,0.0464,-0.0592
