date,,2020-06-30_FY,2019-06-30_FY,2018-06-30_FY,2017-06-30_FY,2016-06-30_FY,2015-06-30_FY,2014-06-30_FY,2013-06-30_FY,2012-06-30_FY,2011-06-30_FY,2010-06-30_FY,2009-06-30_FY,2008-06-30_FY,2007-06-30_FY,2006-06-30_FY,2005-06-30_FY,2004-06-30_FY,2003-06-30_FY,2002-06-30_FY,2001-06-30_FY,2000-06-30_FY,1999-06-30_FY,1998-06-30_FY,1997-06-30_FY,1996-06-30_FY
,revenue,545744000.0,655407000.0,684563000.0,637341000.0,566091000.0,406837000.0,273771000.0,151054000.0,122990000.0,106835132.0,125177949.0,119002215.0,72403283.0,82577591.0,64060375.0,44901645.0,63781219.0,42486758.0,25126214.0,12090993.0,11553457.0,10600000.0,9464814.0,3800736.0,3819595.0
,costOfRevenue,380524000.0,411797000.0,395857000.0,332128000.0,256000000.0,100481000.0,119363000.0,93634000.0,84043000.0,83515419.0,83838142.0,73757746.0,54080947.0,57394751.0,33900045.0,31416908.0,26856875.0,16257794.0,8452677.0,6534764.0,7890972.0,6600000.0,6120949.0,2636360.0,1867908.0
,grossProfit,165220000.0,243610000.0,288706000.0,305213000.0,310091000.0,306356000.0,154408000.0,57420000.0,38947000.0,23319713.0,41339807.0,45244469.0,18322336.0,25182840.0,30160330.0,13484737.0,36924344.0,26228964.0,16673537.0,5556229.0,3662485.0,4000000.0,3343865.0,1164376.0,1951687.0
,grossProfitRatio,0.302742677885602,0.371692703922906,0.421737663297607,0.478884929731494,0.547775887622308,0.753019022360306,0.564004222507132,0.380128960504191,0.316668021790389,0.218277569966404,0.330248317137709,0.380198545043888,0.25305946416822,0.304959731750954,0.470811012267724,0.300317215549675,0.578921892352042,0.617344444120683,0.663591299508951,0.459534547741447,0.317003386951628,0.377358490566038,0.353294317247016,0.306355400638192,0.510967000428056
,,,,,,,,,,,,,,,,,,,,,,,,,,,,,,,,,,,,,,,,,,,,,,,,,,,,,,,,,,,,,,,,,,,,,,,,,,,,,,,,,,,,,,,,,,,,,,,,,,,,,
COST And EXPENSES,,,,,,,,,,,,,,,,,,,,,,,,,,,,,,,,,,,,,,,,,,,,,,,,,,,,,,,,,,,,,,,,,,,,,,,,,,,,,,,,,,,,,,,,,,,,,,,,,,,,,
,ResearchAndDevelopmentExpenses,29978000.0,38807000.0,29196000.0,42073000.0,45054000.0,30342000.0,27713000.0,16253000.0,11844000.0,8587046.0,11251421.0,8427135.0,5172715.0,7459432.0,8102465.0,6265522.0,5895096.0,2575178.0,1748631.0,1402900.0,730654.0,900000.0,0.0,0.0,0.0
,GeneralAndAdministrativeExpenses,79467000.0,87648000.0,82196000.0,73477000.0,68325000.0,49527000.0,38606000.0,22410000.0,20193000.0,15911702.0,17375320.0,26059104.0,16789460.0,14134376.0,11799994.0,9194377.0,8863966.0,4337558.0,3298564.0,2014004.0,1356806.0,1200000.0,0.0,0.0,0.0
,SellingAndMarketingExpenses,0.0,0.0,0.0,0.0,0.0,0.0,0.0,0.0,0.0,0.0,0.0,0.0,0.0,0.0,0.0,0.0,0.0,0.0,0.0,0.0,0.0,0.0,0.0,0.0,0.0
,otherExpenses,-840000.0,-2018000.0,2278000.0,-244000.0,-1000.0,0.0,0.0,0.0,0.0,0.0,0.0,0.0,0.0,0.0,0.0,0.0,0.0,0.0,0.0,0.0,0.0,0.0,0.0,0.0,0.0
,operatingExpenses,109445000.0,126455000.0,111392000.0,115550000.0,113379000.0,79869000.0,66319000.0,38663000.0,32037000.0,24498748.0,28626741.0,34486239.0,21731605.0,31147249.0,21706412.0,67124395.0,16093375.0,6912736.0,5047195.0,3416904.0,2087460.0,2200000.0,0.0,0.0,0.0
,costAndExpenses,489969000.0,538252000.0,507249000.0,447678000.0,369379000.0,180350000.0,185682000.0,132297000.0,116080000.0,108014167.0,112464883.0,108243985.0,75812552.0,88542000.0,55606457.0,98541303.0,42950250.0,23170530.0,13499872.0,9951668.0,9978432.0,8800000.0,7784776.0,3872859.0,3128259.0
,interestExpense,66845000.0,84624000.0,85634000.0,89420000.0,65937000.0,207000.0,130000.0,251000.0,273000.0,214519.0,275870.0,321751.0,0.0,0.0,0.0,0.0,0.0,0.0,0.0,0.0,0.0,0.0,0.0,0.0,0.0
,,,,,,,,,,,,,,,,,,,,,,,,,,,,,,,,,,,,,,,,,,,,,,,,,,,,,,,,,,,,,,,,,,,,,,,,,,,,,,,,,,,,,,,,,,,,,,,,,,,,,
EBITDA,,,,,,,,,,,,,,,,,,,,,,,,,,,,,,,,,,,,,,,,,,,,,,,,,,,,,,,,,,,,,,,,,,,,,,,,,,,,,,,,,,,,,,,,,,,,,,,,,,,,,
,depreciationAndAmortization,56309000.0,55594000.0,55115000.0,55340000.0,33433000.0,5583000.0,5984000.0,6198000.0,5735000.0,4976200.0,4888015.0,5099108.0,1784664.0,1784664.0,1784665.0,5516417.0,1314510.0,982188.0,789304.0,767047.0,678625.0,600000.0,369374.0,206686.0,204265.0
,EBITDA,112084000.0,172749000.0,232429000.0,245003000.0,230145000.0,232070000.0,94073000.0,24955000.0,12645000.0,3797165.0,17601081.0,15857338.0,-1624605.0,-4179745.0,10238583.0,-48123241.0,22145479.0,20298416.0,12415646.0,2906372.0,2253650.0,2400000.0,2049412.0,134563.0,895601.0
,EBITDARatio,0.205378345891114,0.263575152538804,0.339529013399789,0.384414308823691,0.406551243527984,0.570425010507894,0.343619302263571,0.165205820435076,0.102813236848524,0.035542287718613,0.140608478894314,0.133252460889068,-0.0224382781095714,-0.0506159715896774,0.15982708499599,-1.07174783908251,0.347210030589099,0.477758646588191,0.494131189044239,0.240374963412848,0.19506282838115,0.226415094339623,0.216529558848172,0.0354044585048791,0.234475382861272
,,,,,,,,,,,,,,,,,,,,,,,,,,,,,,,,,,,,,,,,,,,,,,,,,,,,,,,,,,,,,,,,,,,,,,,,,,,,,,,,,,,,,,,,,,,,,,,,,,,,,
INCOME,,,,,,,,,,,,,,,,,,,,,,,,,,,,,,,,,,,,,,,,,,,,,,,,,,,,,,,,,,,,,,,,,,,,,,,,,,,,,,,,,,,,,,,,,,,,,,,,,,,,,
,operatingIncome,55775000.0,117155000.0,177314000.0,189663000.0,196712000.0,226487000.0,88089000.0,18757000.0,6910000.0,-1179035.0,12713066.0,10758230.0,-3409269.0,-5964409.0,8453918.0,-53639658.0,20830969.0,19316228.0,11626342.0,2139325.0,1575025.0,1800000.0,1680038.0,-72123.0,691336.0
,operatingIncomeRatio,0.102199932569117,0.178751523862272,0.25901779675501,0.297584809387753,0.347491834351721,0.556702069870734,0.321761618286816,0.124174136401552,0.0561834295471176,-0.0110360232437397,0.101559948070407,0.0904036113949644,-0.0470872156446276,-0.0722279365112504,0.131967975523091,-1.19460340484185,0.326600358641625,0.454641137834052,0.462717622320657,0.176935426230087,0.136324997790705,0.169811320754717,0.177503541009892,-0.0189760614786189,0.180997199964918
,totalOtherIncomeExpensesNet,-37558000.0,-378776000.0,-40587000.0,-99693000.0,-68596000.0,717000.0,1766000.0,2063000.0,-161000.0,601200.0,321548.0,22639.0,-6031.0,-7768777.0,-19288.0,-46148079.0,-19803.0,-256122.0,-200859.0,1379074.0,0.0,0.0,0.0,-78759.0,45637.0
,incomeBeforeTax,-48628000.0,-346245000.0,51093000.0,550000.0,62179000.0,227422000.0,90020000.0,20685000.0,6618000.0,-701368.0,12821072.0,10668306.0,-5643761.0,-5921079.0,8530097.0,-53825498.0,20809770.0,19001627.0,11180125.0,2837437.0,884767.0,900000.0,875722.0,0.0,137066.0
,incomeBeforeTaxRatio,-0.0891040487847782,-0.528290054881928,0.0746359356260855,0.000862960330498116,0.109839230795049,0.559000287584463,0.328814958487203,0.136937783838892,0.0538092527847793,-0.00656495655380479,0.102422767767189,0.0896479615946644,-0.0779489653804787,-0.0717032178863149,0.133157150578653,-1.19874222870899,0.326267988073417,0.447236454238283,0.444958599811336,0.234673612001926,0.076580282421097,0.0849056603773585,0.0925239523988533,0.0,0.0358849563893554
,incomeTaxExpense,-15262000.0,-74138000.0,22403000.0,1097000.0,17322000.0,77430000.0,32857000.0,7303000.0,2600000.0,-461568.0,4813044.0,4090716.0,-3376011.0,1007929.0,3561175.0,-21045902.0,7594316.0,7334740.0,3984135.0,1007522.0,-465330.0,-400000.0,-150000.0,0.0,0.0
,netIncome,-33366000.0,-272107000.0,28690000.0,-581000.0,44782000.0,149919000.0,57101000.0,13317000.0,3948000.0,-276900.0,7821067.0,6534245.0,-2318059.0,-6929008.0,4968922.0,-32779596.0,13215454.0,11666887.0,7195990.0,1829915.0,1350097.0,1300000.0,1025722.0,-789340.0,137066.0
,netIncomeRatio,-0.0611385558063854,-0.415172556899758,0.041909948390433,-0.000911599912762556,0.0791074226581945,0.36849893200471,0.208572127800242,0.0881605253750314,0.0321001707455891,-0.0025918440387194,0.062479590554723,0.0549085998105161,-0.0320159377303375,-0.083909059541347,0.0775662334165231,-0.730031071244717,0.207199771456234,0.274600547304645,0.286393724100256,0.151345303069814,0.116856539129371,0.122641509433962,0.108372124375608,-0.20768082813434,0.0358849563893554
,,,,,,,,,,,,,,,,,,,,,,,,,,,,,,,,,,,,,,,,,,,,,,,,,,,,,,,,,,,,,,,,,,,,,,,,,,,,,,,,,,,,,,,,,,,,,,,,,,,,,
EPS,,,,,,,,,,,,,,,,,,,,,,,,,,,,,,,,,,,,,,,,,,,,,,,,,,,,,,,,,,,,,,,,,,,,,,,,,,,,,,,,,,,,,,,,,,,,,,,,,,,,,
,EPS,-0.86,-7.2,0.77,-0.02,1.23,4.18,1.7,0.47,0.139686275522687,-0.01,0.32,0.267281904670901,-0.1,-0.29,0.21,-1.36,0.63,0.58,0.36,0.08,0.1,0.166667,0.133333,-0.1,0.02
,EPSDiluted,-0.86,-7.2,0.75,-0.02,1.2,4.04,1.62,0.46,0.138972823280074,-0.01,0.31,0.265756072078934,-0.1,-0.29,0.21,-1.36,0.63,0.58,0.36,0.08,0.1,0.066667,0.053333,-0.1,0.013333
,weightedAverageShsOut,38592618.0,37779812.0,37127306.0,36812524.0,36442782.0,35827167.0,33663589.0,28467598.0,28263335.0,26758552.0,24743902.0,24447016.0,24227181.0,23893131.0,23661533.0,24102644.0,20976911.0,20115322.0,19988861.0,22873938.0,19809192.0,7800000.0,7692915.0,7809192.0,7809192.0
,weightedAverageShsOutDil,38592618.0,37779812.0,38162514.0,36812524.0,37389445.0,37127117.0,35193376.0,28942933.0,28408432.0,26758552.0,25199373.0,24587378.0,24227181.0,23893131.0,23661533.0,24102644.0,20976911.0,20115322.0,19988861.0,22873938.0,19809192.0,7800000.0,7692915.0,7809192.0,19809192.0
