Date,2018-12-31,2017-12-31,2016-12-31,2015-12-31,2014-12-31,2013-12-31,2012-12-31,2011-12-31,2010-12-31,2009-12-31
Revenue,58296000.0,51107000.0,50186000.0,48088000.0,44099000.0,37934000.0,32747000.0,31381000.0,32904000.0,30618000.0
Revenue Growth,0.1407,0.0184,0.0436,0.0905,0.1625,0.1584,0.0435,-0.0463,0.0747,0.1294
Cost of Revenue,0.0,0.0,0.0,0.0,0.0,0.0,0.0,0.0,0.0,0.0
Gross Profit,58296000.0,51107000.0,50186000.0,48088000.0,44099000.0,37934000.0,32747000.0,31381000.0,32904000.0,30618000.0
R&D Expenses,0.0,0.0,0.0,0.0,0.0,0.0,0.0,0.0,0.0,0.0
SG&A Expense,27046000.0,23978000.0,22976000.0,22584000.0,20703000.0,17888000.0,15376000.0,15429000.0,14897000.0,14065000.0
Operating Expenses,40502000.0,33863000.0,33261000.0,32392000.0,30844000.0,26212000.0,21682000.0,21849000.0,21277000.0,20686000.0
Operating Income,17794000.0,17244000.0,16925000.0,15696000.0,13255000.0,11722000.0,11065000.0,9532000.0,11627000.0,9932000.0
Interest Expense,0.0,0.0,0.0,0.0,0.0,0.0,0.0,0.0,0.0,0.0
Earnings before Tax,17794000.0,17244000.0,16925000.0,15696000.0,13255000.0,11722000.0,11065000.0,10325000.0,11867000.0,10011000.0
Income Tax Expense,2949000.0,4272000.0,4443000.0,4222000.0,3386000.0,2942000.0,2795000.0,2210000.0,2494000.0,2245000.0
Net Income - Non-Controlling int,0.0,0.0,0.0,0.0,0.0,0.0,0.0,0.0,0.0,0.0
Net Income - Discontinued ops,0.0,0.0,0.0,0.0,0.0,0.0,0.0,-793000.0,-240000.0,-79000.0
Net Income,14845000.0,12972000.0,12482000.0,11474000.0,9869000.0,8780000.0,8270000.0,8115000.0,9373000.0,7766000.0
Preferred Dividends,0.0,0.0,0.0,0.0,0.0,0.0,0.0,0.0,0.0,1108000.0
Net Income Com,14845000.0,12972000.0,12482000.0,11474000.0,9869000.0,8780000.0,8270000.0,8115000.0,9373000.0,6658000.0
EPS,1.24,1.3,1.26,1.18,1.06,1.12,1.23,1.21,1.4,1.0
EPS Diluted,1.24,1.29,1.25,1.17,1.05,1.1,1.22,1.2,1.39,0.99
Weighted Average Shs Out,13305375.0,10018935.0,9983332.0,9903736.0,9305413.0,9283186.0,6726719.0,6697982.0,6687232.0,6687232.0
Weighted Average Shs Out (Dil),11935350.0,10005575.0,9948057.0,9704965.0,9297019.0,7852514.0,6717357.0,6692385.0,6687500.0,6687232.0
Dividend per Share,0.65,0.64,0.64,0.64,0.64,0.64,0.64,0.64,0.64,0.64
Gross Margin,1.0,1.0,1.0,1.0,1.0,1.0,1.0,1.0,1.0,1.0
EBITDA Margin,0.375,0.402,0.388,0.389,0.368,0.367,0.432,0.424,0.446,0.406
EBIT Margin,0.3052,0.3374,0.3372,0.3264,0.3006,0.309,0.3379,0.329,0.3607,0.327
Profit Margin,0.255,0.254,0.249,0.239,0.224,0.231,0.253,0.259,0.285,0.217
Free Cash Flow margin,0.3395,0.2307,0.1215,0.2653,0.3417,0.2525,0.3214,0.258,0.3759,0.2429
EBITDA,21867000.0,20552000.0,19482000.0,18693000.0,16246000.0,13934000.0,14137000.0,13303000.0,14681000.0,12445000.0
EBIT,17794000.0,17244000.0,16925000.0,15696000.0,13255000.0,11722000.0,11065000.0,10325000.0,11867000.0,10011000.0
Consolidated Income,14845000.0,12972000.0,12482000.0,11474000.0,9869000.0,8780000.0,8270000.0,8115000.0,9373000.0,7766000.0
Earnings Before Tax Margin,0.3052,0.3374,0.3372,0.3264,0.3006,0.309,0.3379,0.329,0.3607,0.327
Net Profit Margin,0.2546,0.2538,0.2487,0.2386,0.2238,0.2315,0.2525,0.2586,0.2849,0.2536
