Date,2018-12-31,2017-12-31,2016-12-31,2015-12-31,2014-12-31,2013-12-31,2012-12-31,2011-12-31,2010-12-31,2009-12-31
Revenue,704542000.0,579476000.0,592619000.0,587670000.0,586010000.0,502721000.0,486842000.0,444418000.0,443171000.0,415040000.0
Revenue Growth,0.2158,-0.0222,0.0084,0.0028,0.1657,0.0326,0.0955,0.0028,0.0678,-0.1494
Cost of Revenue,448785000.0,364319000.0,375719000.0,373284000.0,373129000.0,315459000.0,310054000.0,282058000.0,273774000.0,257839000.0
Gross Profit,255757000.0,215157000.0,216900000.0,214386000.0,212881000.0,187262000.0,176788000.0,162360000.0,169397000.0,157201000.0
R&D Expenses,0.0,0.0,0.0,0.0,0.0,0.0,0.0,0.0,0.0,0.0
SG&A Expense,232649000.0,198953000.0,187403000.0,189718000.0,187988000.0,158709000.0,148384000.0,137776000.0,139614000.0,138976000.0
Operating Expenses,237178000.0,199977000.0,189823000.0,190155000.0,191497000.0,159076000.0,149453000.0,137776000.0,139614000.0,141592000.0
Operating Income,18579000.0,15180000.0,27077000.0,24231000.0,21384000.0,28186000.0,27335000.0,24584000.0,29783000.0,15609000.0
Interest Expense,18004000.0,4291000.0,4803000.0,5900000.0,7176000.0,4847000.0,5898000.0,7758000.0,9351000.0,13185000.0
Earnings before Tax,1169000.0,11186000.0,22750000.0,18905000.0,7369000.0,18456000.0,26155000.0,20188000.0,24863000.0,4595000.0
Income Tax Expense,2889000.0,9032000.0,7030000.0,6627000.0,5825000.0,9175000.0,5208000.0,6122000.0,4602000.0,1880000.0
Net Income - Non-Controlling int,0.0,0.0,0.0,0.0,0.0,0.0,0.0,0.0,0.0,0.0
Net Income - Discontinued ops,0.0,0.0,0.0,0.0,0.0,0.0,0.0,0.0,0.0,0.0
Net Income,-1720000.0,2154000.0,15720000.0,12278000.0,1544000.0,9281000.0,20947000.0,14066000.0,20261000.0,2715000.0
Preferred Dividends,0.0,0.0,0.0,0.0,0.0,0.0,0.0,0.0,0.0,0.0
Net Income Com,-1720000.0,2154000.0,15720000.0,12278000.0,1544000.0,9281000.0,20947000.0,14066000.0,20261000.0,2715000.0
EPS,-0.09,0.15,1.11,0.89,0.11,0.73,1.67,1.16,1.68,0.23
EPS Diluted,-0.09,0.14,1.08,0.86,0.11,0.71,1.64,1.12,1.64,0.22
Weighted Average Shs Out,20762149.0,14816128.0,14431027.0,14025721.0,13683839.0,12737557.0,12570899.0,12389396.0,12050543.0,12023059.0
Weighted Average Shs Out (Dil),20762149.0,14816128.0,14431027.0,14025721.0,13683839.0,12737557.0,12570899.0,12389396.0,12050543.0,12023059.0
Dividend per Share,0.171,0.17,0.17,0.157,0.15,0.119,0.1,0.075,0.0,0.0
Gross Margin,0.363,0.3713,0.366,0.3648,0.3633,0.3725,0.3631,0.3653,0.3822,0.3788
EBITDA Margin,0.06,0.051,0.07,0.066,0.049,0.067,0.085,0.082,0.099,0.07
EBIT Margin,0.0272,0.0267,0.0465,0.0422,0.0248,0.0464,0.0658,0.0629,0.0772,0.0428
Profit Margin,-0.002,0.004,0.027,0.021,0.003,0.018,0.043,0.032,0.046,0.007
Free Cash Flow margin,0.0164,0.0185,0.0446,0.0704,-0.0026,0.0635,0.0365,0.0163,0.0616,0.1495
EBITDA,42502000.0,29666000.0,41701000.0,39008000.0,28745000.0,33718000.0,41377000.0,36343000.0,44024000.0,29252000.0
EBIT,19173000.0,15477000.0,27553000.0,24805000.0,14545000.0,23303000.0,32053000.0,27946000.0,34214000.0,17780000.0
Consolidated Income,-1720000.0,2154000.0,15720000.0,12278000.0,1544000.0,9281000.0,20947000.0,14066000.0,20261000.0,2715000.0
Earnings Before Tax Margin,0.0017,0.0193,0.0384,0.0322,0.0126,0.0367,0.0537,0.0454,0.0561,0.0111
Net Profit Margin,-0.0024,0.0037,0.0265,0.0209,0.0026,0.0185,0.043,0.0317,0.0457,0.0065
