date,,2020-11-30_FY,2019-11-30_FY,2018-11-30_FY,2017-11-30_FY,2016-11-30_FY,2015-11-30_FY,2014-11-30_FY,2013-11-30_FY,2012-11-30_FY,2011-11-30_FY,2010-11-30_FY,2009-11-30_FY,2008-11-30_FY,2007-11-30_FY,2006-11-30_FY,2005-11-30_FY,2005-01-30_FY,2004-11-30_FY,2003-11-30_FY,2002-11-30_FY,2001-11-30_FY,2000-11-30_FY,1999-11-30_FY,1998-11-30_FY,1997-11-30_FY,1996-11-30_FY
,revenue,22488854000.0,22259561000.0,20571631000.0,12646365000.0,10949999000.0,9474008000.0,7779812000.0,5935095000.0,4104706000.0,3095385000.0,3074022000.0,3119387000.0,4575417000.0,10186781000.0,16266662000.0,13866971000.0,13304599000.0,10504899000.0,8907619000.0,7319802000.0,6029301000.0,4706968000.0,3118500000.0,2416900000.0,1303100000.0,1181200000.0
,costOfRevenue,19014746000.0,19457266000.0,18237446000.0,11021481000.0,9455074000.0,8171748000.0,6680613000.0,5103199000.0,3655192000.0,2896195000.0,2855729000.0,3459506000.0,4885250000.0,12639486000.0,15171384000.0,11635411000.0,9802327000.0,8993304000.0,7692877000.0,6212568000.0,5154544000.0,4124046000.0,2698900000.0,2075800000.0,1138300000.0,981400000.0
,grossProfit,3474108000.0,2802295000.0,2334185000.0,1624884000.0,1494925000.0,1302260000.0,1099199000.0,831896000.0,449514000.0,199190000.0,218293000.0,-340119000.0,-309833000.0,-2452705000.0,1095278000.0,2231560000.0,26000.0,1511595000.0,1214742000.0,1107234000.0,874757000.0,582922000.0,419600000.0,341100000.0,164800000.0,199800000.0
,grossProfitRatio,0.154481326616287,0.125891746023203,0.113466209849866,0.128486248815371,0.136522843518068,0.137456079834427,0.141288632681612,0.140165574434782,0.109511862725369,0.0643506381274058,0.0710121788328125,-0.109033922370004,-0.0677168878814762,-0.240773312001112,0.0673326832511796,0.160926275824764,1.95421147228864e-06,0.143894291606231,0.136371122294297,0.151265567019436,0.145084314085497,0.123842354568801,0.134551867885201,0.141131201125409,0.126467654055713,0.169150016931934
,,,,,,,,,,,,,,,,,,,,,,,,,,,,,,,,,,,,,,,,,,,,,,,,,,,,,,,,,,,,,,,,,,,,,,,,,,,,,,,,,,,,,,,,,,,,,,,,,,,,,
COST And EXPENSES,,,,,,,,,,,,,,,,,,,,,,,,,,,,,,,,,,,,,,,,,,,,,,,,,,,,,,,,,,,,,,,,,,,,,,,,,,,,,,,,,,,,,,,,,,,,,,,,,,,,,
,ResearchAndDevelopmentExpenses,0.0,0.0,0.0,0.0,0.0,0.0,0.0,0.0,0.0,0.0,0.0,0.0,0.0,0.0,0.0,0.0,0.0,0.0,0.0,0.0,0.0,0.0,0.0,0.0,0.0,0.0
,GeneralAndAdministrativeExpenses,358418000.0,341114000.0,343934000.0,285889000.0,232562000.0,216244000.0,177161000.0,146060000.0,127338000.0,95256000.0,93926000.0,120093000.0,129752000.0,173202000.0,193307000.0,187257000.0,1375480000.0,141722000.0,111488000.0,85958000.0,75831000.0,50155000.0,37600000.0,29000000.0,15900000.0,12400000.0
,SellingAndMarketingExpenses,0.0,0.0,0.0,0.0,0.0,0.0,0.0,0.0,0.0,0.0,0.0,0.0,0.0,0.0,0.0,0.0,0.0,0.0,0.0,0.0,0.0,0.0,0.0,0.0,0.0,0.0
,otherExpenses,-16980000.0,-22662000.0,184406000.0,8347000.0,23119000.0,9306000.0,-6643000.0,3333000.0,-31005000.0,0.0,0.0,0.0,0.0,0.0,0.0,0.0,0.0,0.0,0.0,0.0,0.0,0.0,0.0,0.0,0.0,0.0
,operatingExpenses,358418000.0,341114000.0,343934000.0,285889000.0,232562000.0,216244000.0,177161000.0,146060000.0,127338000.0,95256000.0,93926000.0,120093000.0,129752000.0,173202000.0,193307000.0,187257000.0,1375480000.0,141722000.0,111488000.0,85958000.0,75831000.0,108686000.0,85300000.0,53400000.0,24900000.0,24400000.0
,costAndExpenses,19373164000.0,19798380000.0,18581380000.0,11307370000.0,9687636000.0,8387992000.0,6857774000.0,5249259000.0,3782530000.0,2991451000.0,2949655000.0,3579599000.0,5015002000.0,12812688000.0,15364691000.0,11822668000.0,11177807000.0,9135026000.0,7804365000.0,6298526000.0,5230375000.0,4232732000.0,2784200000.0,2129200000.0,1163200000.0,1005800000.0
,interestExpense,22401000.0,17620000.0,11258000.0,7164000.0,4626000.0,12454000.0,36551000.0,93913000.0,94353000.0,90650000.0,70425000.0,70850000.0,0.0,0.0,0.0,0.0,-45030000.0,0.0,0.0,0.0,0.0,0.0,0.0,0.0,0.0,0.0
,,,,,,,,,,,,,,,,,,,,,,,,,,,,,,,,,,,,,,,,,,,,,,,,,,,,,,,,,,,,,,,,,,,,,,,,,,,,,,,,,,,,,,,,,,,,,,,,,,,,,
EBITDA,,,,,,,,,,,,,,,,,,,,,,,,,,,,,,,,,,,,,,,,,,,,,,,,,,,,,,,,,,,,,,,,,,,,,,,,,,,,,,,,,,,,,,,,,,,,,,,,,,,,,
,depreciationAndAmortization,94553000.0,92200000.0,91181000.0,66324000.0,50219000.0,43666000.0,38542000.0,30349000.0,28081000.0,21500000.0,13520000.0,19905000.0,32399000.0,56764000.0,50011000.0,79558000.0,65169000.0,73286000.0,75911000.0,72389000.0,68670000.0,58531000.0,47700000.0,24400000.0,9000000.0,12000000.0
,EBITDA,3210243000.0,2553381000.0,2081432000.0,1405319000.0,1312582000.0,1129682000.0,960580000.0,716185000.0,350257000.0,125434000.0,137887000.0,-440307000.0,-407186000.0,-2569143000.0,951982000.0,2123861000.0,65169000.0,1443159000.0,1179165000.0,1093665000.0,867596000.0,532767000.0,382000000.0,312100000.0,148900000.0,187400000.0
,EBITDARatio,0.142748180943324,0.114709405095635,0.101179726585607,0.111124342844762,0.119870513230184,0.119240135748249,0.123470849938276,0.120669509081152,0.0853305937136545,0.0405229074896984,0.0448555670714133,-0.141151771165296,-0.088994292760638,-0.252203615646591,0.0585235003960862,0.153159691471194,0.00489823105529148,0.137379616881609,0.132377125694307,0.149411828352734,0.143896614217801,0.113186875287871,0.122494789161456,0.129132359634242,0.11426598112194,0.158652218083305
,,,,,,,,,,,,,,,,,,,,,,,,,,,,,,,,,,,,,,,,,,,,,,,,,,,,,,,,,,,,,,,,,,,,,,,,,,,,,,,,,,,,,,,,,,,,,,,,,,,,,
INCOME,,,,,,,,,,,,,,,,,,,,,,,,,,,,,,,,,,,,,,,,,,,,,,,,,,,,,,,,,,,,,,,,,,,,,,,,,,,,,,,,,,,,,,,,,,,,,,,,,,,,,
,operatingIncome,3115690000.0,2461181000.0,1990251000.0,1338995000.0,1262363000.0,1086016000.0,922038000.0,685836000.0,322176000.0,103934000.0,124367000.0,-460212000.0,-439585000.0,-2625907000.0,901971000.0,2044303000.0,0.0,1369873000.0,1103254000.0,1021276000.0,798926000.0,474236000.0,334300000.0,287700000.0,139900000.0,175400000.0
,operatingIncomeRatio,0.138543742602447,0.110567364738235,0.0967473604790986,0.105879831872637,0.11528430276569,0.11463110438581,0.118516745648867,0.115556027325595,0.0784894216540722,0.0335770833030463,0.0404574202787098,-0.147532832572554,-0.0960753959693728,-0.25777593530282,0.055449052792761,0.147422461617609,0.0,0.130403252806143,0.123855095284161,0.139522353200264,0.13250723425485,0.100751906535162,0.107198973865641,0.119036782655468,0.107359373800936,0.148493057907213
,totalOtherIncomeExpensesNet,30499000.0,-9269000.0,283691000.0,-142220000.0,72732000.0,136054000.0,84297000.0,90018000.0,-5709000.0,84690000.0,40783000.0,-229342000.0,-126040000.0,-453247000.0,54093000.0,160421000.0,61515000.0,149194000.0,103800000.0,0.0,0.0,0.0,0.0,0.0,-29200000.0,0.0
,incomeBeforeTax,3123788000.0,2434292000.0,2262684000.0,1189611000.0,1330469000.0,1209616000.0,969784000.0,681941000.0,222114000.0,97974000.0,94725000.0,-731492000.0,-561528000.0,-3081081000.0,942649000.0,2159694000.0,0.0,1519067000.0,1207054000.0,875709000.0,679423000.0,375635000.0,285500000.0,240100000.0,85700000.0,144300000.0
,incomeBeforeTaxRatio,0.13890383209389,0.109359389432703,0.109990500996251,0.0940674256990052,0.121504029361099,0.127677325161642,0.12465391194543,0.114899761503396,0.0541120362822575,0.0316516362261883,0.0308146786197366,-0.234498637071963,-0.122727174375582,-0.302458745309239,0.0579497502314857,0.155743745335589,0.0,0.144605578787573,0.135508040925415,0.119635613094453,0.112686860383981,0.0798040267110378,0.0915504248837582,0.0993421324837602,0.0657662497122247,0.122163901117508
,incomeTaxExpense,656235000.0,592173000.0,545171000.0,417857000.0,417378000.0,390416000.0,341091000.0,177015000.0,-435218000.0,-14570000.0,-25734000.0,-314345000.0,547557000.0,-1140000000.0,348780000.0,815284000.0,0.0,573448000.0,455663000.0,330580000.0,261578000.0,146498000.0,112800000.0,96000000.0,35100000.0,56300000.0
,netIncome,2465036000.0,1849052000.0,1695831000.0,810480000.0,911844000.0,802894000.0,638916000.0,479674000.0,679124000.0,92199000.0,95261000.0,-417147000.0,-1109085000.0,-1941081000.0,593869000.0,1355155000.0,0.0,945619000.0,751391000.0,545129000.0,417845000.0,229137000.0,172700000.0,144100000.0,84400000.0,88000000.0
,netIncomeRatio,0.109611454634371,0.0830677658018503,0.082435417979255,0.0640879810127258,0.0832734322624139,0.0847470257572086,0.082124863685652,0.0808199363278937,0.165450095573227,0.0297859555434946,0.0309890430192107,-0.133727235511336,-0.242400856577663,-0.190549006599828,0.0365083506376416,0.0977253792482872,0.0,0.0900169530425757,0.0843537425657743,0.074473189302115,0.0693023950869263,0.0486803819358874,0.055379188712522,0.0596218296164508,0.0647686286547464,0.0745005079580088
,,,,,,,,,,,,,,,,,,,,,,,,,,,,,,,,,,,,,,,,,,,,,,,,,,,,,,,,,,,,,,,,,,,,,,,,,,,,,,,,,,,,,,,,,,,,,,,,,,,,,
EPS,,,,,,,,,,,,,,,,,,,,,,,,,,,,,,,,,,,,,,,,,,,,,,,,,,,,,,,,,,,,,,,,,,,,,,,,,,,,,,,,,,,,,,,,,,,,,,,,,,,,,
,EPS,7.74148527569021,5.76,5.46,3.41751175391621,4.04902,3.794118,3.058824,2.431373,3.509804,0.480392,0.510456587532258,-2.401961,-6.862745,-12.068627,3.686275,8.54902,0.0,5.970588,5.0,3.81016,2.967914,1.782531,1.323529,1.269608,1.093137,1.191176
,EPSDiluted,7.74148527569021,5.74,5.44,3.41749734352072,3.852941,3.392157,2.745098,2.107843,3.04902,0.470588,0.494517742285973,-2.401961,-6.862745,-12.068627,3.617647,8.068627,0.0,5.588235,4.558824,3.440285,2.678253,1.622103,1.221034,1.220588,1.093137,1.191176
,weightedAverageShsOut,318419000.0,318419000.0,307968000.0,237155000.0,222789420.0,209292780.0,206253180.0,194282460.0,190395240.0,188231820.0,186619200.0,188593920.0,161609529.0,160836931.0,161102761.0,158515837.0,158379537.0,158379537.0,150278200.0,143072453.0,140787414.0,128545857.0,130484444.0,113499614.0,77208969.0,73876543.0
,weightedAverageShsOutDil,318419000.0,318422000.0,308565000.0,237156000.0,235326240.0,235428240.0,232804800.0,230438400.0,223068900.0,199088700.0,192634140.0,188593920.0,161609529.0,160836931.0,164158911.0,167953597.0,158379537.0,169216032.0,164821252.0,158454595.0,156014007.0,141259184.0,141437518.0,118057831.0,77208969.0,73876543.0
