date,,2020-12-31_FY,2019-12-31_FY,2018-12-31_FY,2017-12-31_FY,2016-12-31_FY,2015-12-31_FY,2014-12-31_FY,2013-12-31_FY,2012-12-31_FY,2011-12-31_FY,2010-12-31_FY,2009-12-31_FY,2008-12-31_FY,2007-12-31_FY,2006-12-31_FY,2005-12-31_FY,2004-12-31_FY,2003-12-31_FY,2002-12-31_FY,2001-12-31_FY,2000-12-31_FY,1999-12-31_FY,1998-12-31_FY,1997-12-31_FY,1997-08-31_FY,1996-08-31_FY
,revenue,9358000000.0,9730000000.0,7987000000.0,5601000000.0,1283167000.0,270885000.0,267954000.0,267213000.0,266220000.0,290444000.0,291513000.0,181126000.0,7144000.0,647000.0,2371000.0,3005000.0,1998000.0,657467.0,239055.0,2372632.0,5320432.0,1600000.0,100000.0,100000.0,100000.0,100000.0
,costOfRevenue,5093000000.0,5873000000.0,5046000000.0,3476000000.0,755959000.0,82680000.0,64258000.0,61209000.0,66407000.0,79904000.0,55013000.0,37551000.0,25604000.0,36130000.0,3375000.0,22257000.0,117000.0,0.0,90038.0,420242.0,388637.0,100000.0,0.0,0.0,0.0,0.0
,grossProfit,4265000000.0,3857000000.0,2941000000.0,2125000000.0,527208000.0,188205000.0,203696000.0,206004000.0,199813000.0,210540000.0,236500000.0,143575000.0,-18460000.0,-35483000.0,-1004000.0,-19252000.0,1881000.0,0.0,149017.0,1952390.0,4931795.0,1500000.0,0.0,0.0,0.0,0.0
,grossProfitRatio,0.455759777730284,0.396402877697842,0.368223362964818,0.379396536332798,0.410864680902798,0.694778226922864,0.760190181896893,0.770935545800541,0.750555931184734,0.72489016815634,0.811284573929808,0.792680233649504,-2.58398656215006,-54.8423493044822,-0.423450021088148,-6.40665557404326,0.941441441441441,0.0,0.623358641316852,0.8228794014411,0.926953863896766,0.9375,0.0,0.0,0.0,0.0
,,,,,,,,,,,,,,,,,,,,,,,,,,,,,,,,,,,,,,,,,,,,,,,,,,,,,,,,,,,,,,,,,,,,,,,,,,,,,,,,,,,,,,,,,,,,,,,,,,,,,
COST And EXPENSES,,,,,,,,,,,,,,,,,,,,,,,,,,,,,,,,,,,,,,,,,,,,,,,,,,,,,,,,,,,,,,,,,,,,,,,,,,,,,,,,,,,,,,,,,,,,,,,,,,,,,
,ResearchAndDevelopmentExpenses,0.0,0.0,0.0,0.0,0.0,0.0,0.0,0.0,0.0,40803000.0,0.0,0.0,0.0,0.0,0.0,0.0,0.0,0.0,0.0,0.0,0.0,0.0,0.0,0.0,0.0,0.0
,GeneralAndAdministrativeExpenses,308000000.0,319000000.0,289000000.0,256000000.0,259692000.0,423862000.0,323709000.0,384512000.0,152081000.0,0.0,0.0,0.0,0.0,0.0,0.0,0.0,0.0,0.0,0.0,4291963.0,1938659.0,1900000.0,1700000.0,400000.0,1700000.0,100000.0
,SellingAndMarketingExpenses,0.0,0.0,0.0,0.0,0.0,0.0,0.0,0.0,0.0,0.0,0.0,0.0,0.0,0.0,0.0,0.0,0.0,0.0,0.0,0.0,0.0,0.0,0.0,0.0,0.0,0.0
,otherExpenses,-112000000.0,-25000000.0,48000000.0,18000000.0,144000.0,1804000.0,-583000.0,1091000.0,-11367000.0,0.0,0.0,0.0,0.0,0.0,0.0,0.0,0.0,0.0,0.0,0.0,0.0,0.0,0.0,0.0,0.0,0.0
,operatingExpenses,1628000000.0,1473000000.0,909000000.0,712000000.0,484594000.0,546201000.0,477264000.0,534990000.0,275645000.0,152394000.0,131877000.0,120059000.0,136333000.0,128439000.0,30083000.0,53890000.0,33466000.0,9675617.0,4083637.0,5535791.0,5310042.0,3300000.0,1700000.0,400000.0,1700000.0,100000.0
,costAndExpenses,6721000000.0,7346000000.0,5955000000.0,4188000000.0,1240553000.0,628881000.0,541522000.0,596199000.0,342052000.0,232298000.0,186890000.0,157610000.0,161937000.0,164569000.0,33458000.0,76147000.0,33583000.0,9675617.0,4173675.0,5956033.0,5698679.0,3400000.0,1700000.0,400000.0,1700000.0,100000.0
,interestExpense,1517000000.0,1420000000.0,866000000.0,747000000.0,488390000.0,322083000.0,181236000.0,178400000.0,200811000.0,259393000.0,262046000.0,243295000.0,0.0,0.0,0.0,0.0,0.0,0.0,0.0,0.0,0.0,0.0,0.0,0.0,0.0,0.0
,,,,,,,,,,,,,,,,,,,,,,,,,,,,,,,,,,,,,,,,,,,,,,,,,,,,,,,,,,,,,,,,,,,,,,,,,,,,,,,,,,,,,,,,,,,,,,,,,,,,,
EBITDA,,,,,,,,,,,,,,,,,,,,,,,,,,,,,,,,,,,,,,,,,,,,,,,,,,,,,,,,,,,,,,,,,,,,,,,,,,,,,,,,,,,,,,,,,,,,,,,,,,,,,
,depreciationAndAmortization,932000000.0,794000000.0,449000000.0,0.0,0.0,0.0,0.0,0.0,0.0,0.0,0.0,0.0,24346000.0,6393000.0,3131000.0,3702000.0,1324000.0,428680.0,368562.0,1243828.0,3371383.0,1400000.0,0.0,0.0,0.0,0.0
,EBITDA,3569000000.0,3178000000.0,2481000000.0,1787000000.0,216800000.0,-273512000.0,-209893000.0,-266686000.0,-20792000.0,121551000.0,89379000.0,124513000.0,-130447000.0,-157529000.0,-27956000.0,-69440000.0,-30261000.0,-8589470.0,-3566058.0,-2339573.0,2993136.0,-400000.0,-1600000.0,-400000.0,-1700000.0,0.0
,EBITDARatio,0.381384911305835,0.326618705035971,0.310629773381745,0.319050169612569,0.168956963512933,-1.00969784225778,-0.783317285802787,-0.998027790564082,-0.07810081887161,0.418500640398838,0.306603822128001,0.687438578668993,-18.2596584546473,-243.476043276662,-11.7908055672712,-23.108153078203,-15.1456456456456,-13.0644884077832,-14.9173119156679,-0.986066528648353,0.562573866182295,-0.25,-16.0,-4.0,-17.0,0.0
,,,,,,,,,,,,,,,,,,,,,,,,,,,,,,,,,,,,,,,,,,,,,,,,,,,,,,,,,,,,,,,,,,,,,,,,,,,,,,,,,,,,,,,,,,,,,,,,,,,,,
INCOME,,,,,,,,,,,,,,,,,,,,,,,,,,,,,,,,,,,,,,,,,,,,,,,,,,,,,,,,,,,,,,,,,,,,,,,,,,,,,,,,,,,,,,,,,,,,,,,,,,,,,
,operatingIncome,2637000000.0,2384000000.0,2032000000.0,1413000000.0,42614000.0,-357996000.0,-273568000.0,-328986000.0,-75832000.0,58146000.0,104623000.0,23516000.0,-154793000.0,-163922000.0,-31087000.0,-73142000.0,-31585000.0,-9018150.0,-3934620.0,-3583401.0,-378247.0,-1800000.0,-1600000.0,-300000.0,-1600000.0,0.0
,operatingIncomeRatio,0.281790980978842,0.245015416238438,0.254413421810442,0.252276379217997,0.0332100186491704,-1.32157926795504,-1.02095135732253,-1.23117512995251,-0.284847118924198,0.200196939857597,0.358896515764306,0.129832271457438,-21.6675531914894,-253.357032457496,-13.1113454238718,-24.3400998336106,-15.8083083083083,-13.7165059234912,-16.45905753906,-1.51030627589951,-0.071093287161644,-1.125,-16.0,-3.0,-16.0,0.0
,totalOtherIncomeExpensesNet,-568000000.0,-237000000.0,70000000.0,-100000000.0,-217109000.0,-417332000.0,-232930000.0,-47037000.0,-68994000.0,-1931000.0,78495000.0,5356000.0,-100144000.0,624000.0,-109468000.0,41055000.0,3654000.0,711925.0,-1705421.0,-13226687.0,-426649.0,0.0,0.0,100000.0,100000.0,0.0
,incomeBeforeTax,544000000.0,715000000.0,1227000000.0,566000000.0,-662885000.0,-1097411000.0,-687734000.0,-554423000.0,-345637000.0,-203178000.0,0.0,-167655000.0,-365248000.0,-185202000.0,-143808000.0,-31940000.0,-27430000.0,0.0,0.0,0.0,0.0,0.0,0.0,0.0,0.0,0.0
,incomeBeforeTaxRatio,0.0581320795041676,0.0734840698869476,0.153624640040065,0.101053383324406,-0.516600723054754,-4.05120623142662,-2.56661217970249,-2.07483543091092,-1.29831342498685,-0.699542769001942,0.0,-0.92562635955081,-51.1265397536394,-286.247295208655,-60.6528890763391,-10.6289517470882,-13.7287287287287,0.0,0.0,0.0,0.0,0.0,0.0,0.0,0.0,0.0
,incomeTaxExpense,43000000.0,-517000000.0,27000000.0,3000000.0,1908000.0,-96000.0,4143000.0,4340000.0,4000.0,160000.0,0.0,0.0,0.0,0.0,2045000.0,-2045000.0,0.0,0.0,0.0,0.0,0.0,0.0,0.0,0.0,0.0,0.0
,netIncome,-85000000.0,648000000.0,471000000.0,-393000000.0,-609991000.0,-975109000.0,-547932000.0,-507922000.0,-332780000.0,-198756000.0,-76203000.0,-161490000.0,-356471000.0,-181777000.0,-145853000.0,-29798000.0,-24568000.0,-5288017.0,-5632308.0,-11665262.0,-780980.0,-1800000.0,-1600000.0,-400000.0,-1700000.0,-300000.0
,netIncomeRatio,-0.00908313742252618,0.0665981500513875,0.0589708275948416,-0.0701660417782539,-0.475379276430893,-3.59971574653451,-2.04487337378804,-1.90081320893819,-1.25001878145894,-0.684317803087686,-0.261405151742804,-0.891589280390446,-49.8979563269877,-280.953632148377,-61.5153943483762,-9.91613976705491,-12.2962962962963,-8.04301508668876,-23.5607203363243,-4.91659136351529,-0.146788832185056,-1.125,-16.0,-4.0,-17.0,-3.0
,,,,,,,,,,,,,,,,,,,,,,,,,,,,,,,,,,,,,,,,,,,,,,,,,,,,,,,,,,,,,,,,,,,,,,,,,,,,,,,,,,,,,,,,,,,,,,,,,,,,,
EPS,,,,,,,,,,,,,,,,,,,,,,,,,,,,,,,,,,,,,,,,,,,,,,,,,,,,,,,,,,,,,,,,,,,,,,,,,,,,,,,,,,,,,,,,,,,,,,,,,,,,,
,EPS,-0.331772053083528,2.53,1.92,-1.68,-2.67,-4.3,-2.44,-2.32,-1.83,-2.6,-1.37,-3.13,-7.53,-3.6,-2.68,-0.561199314462211,-0.63,-0.18,-0.21,-0.445,-0.0363832773143851,-0.14,-0.2,-0.06,-0.28,-0.18018
,EPSDiluted,-0.331772053083528,2.51,1.9,-1.68,-2.67,-4.3,-2.44,-2.32,-1.83,-2.6,-1.37,-3.13,-7.53,-3.6,-2.68,-0.558454214925597,-0.63,-0.18,-0.21,-0.445,-0.0296185297356985,-0.14,-0.2,-0.06,-0.28,-0.18018
,weightedAverageShsOut,256200000.0,256200000.0,245600000.0,233100000.0,228768000.0,226903000.0,224338000.0,218869000.0,181768000.0,76483000.0,55765000.0,51598000.0,47365000.0,50537000.0,54423000.0,53097000.0,38894000.0,29543400.0,26594786.0,26070512.0,21465356.0,12898207.0,8007727.0,6666667.0,6071959.0,4965500.0
,weightedAverageShsOutDil,256200000.0,258100000.0,248000000.0,233100000.0,228768000.0,226903000.0,224338000.0,218869000.0,181768000.0,76483000.0,55765000.0,51598000.0,47365000.0,50537000.0,54423000.0,53358000.0,38894000.0,29543400.0,26594786.0,26070512.0,26367953.0,12898207.0,8007727.0,6666667.0,6071959.0,4965500.0
