date,,2020-12-31_FY,2019-12-31_FY,2018-12-31_FY,2017-12-31_FY,2016-12-31_FY,2015-12-31_FY,2014-12-31_FY,2013-12-31_FY,2012-12-31_FY,2011-12-31_FY,2010-12-31_FY,2009-12-31_FY,2008-12-31_FY,2007-12-31_FY
,revenue,1997543000.0,2042224000.0,1822647000.0,1447810000.0,1297772000.0,1298589000.0,1274407000.0,1165297000.0,1025119000.0,3410611000.0,3023079000.0,2648583000.0,3000791000.0,2593757000.0
,costOfRevenue,0.0,0.0,0.0,0.0,0.0,0.0,0.0,0.0,0.0,0.0,0.0,0.0,0.0,0.0
,grossProfit,0.0,0.0,0.0,0.0,0.0,0.0,0.0,0.0,0.0,0.0,0.0,0.0,0.0,0.0
,grossProfitRatio,0.0,0.0,0.0,0.0,0.0,0.0,0.0,0.0,0.0,0.0,0.0,0.0,0.0,0.0
,,,,,,,,,,,,,,,,,,,,,,,,,,,,,,,,,,,,,,,,,,,,,,,,,,,,,,,,,,,,,,,,,,,,,,,,,,,,,,,,,,,,,,,,,,,,,,,,,,,,,
COST And EXPENSES,,,,,,,,,,,,,,,,,,,,,,,,,,,,,,,,,,,,,,,,,,,,,,,,,,,,,,,,,,,,,,,,,,,,,,,,,,,,,,,,,,,,,,,,,,,,,,,,,,,,,
,ResearchAndDevelopmentExpenses,0.0,0.0,0.0,0.0,0.0,0.0,0.0,0.0,0.0,0.0,0.0,0.0,0.0,0.0
,GeneralAndAdministrativeExpenses,661656000.0,605987000.0,552972000.0,501859000.0,481010000.0,486920000.0,465652000.0,444042000.0,402227000.0,384938000.0,382800000.0,338855000.0,419667000.0,317896000.0
,SellingAndMarketingExpenses,208250000.0,205537000.0,208603000.0,171661000.0,148612000.0,139198000.0,124677000.0,111539000.0,107074000.0,2493222000.0,2432101000.0,1933929000.0,2231757000.0,1972968000.0
,otherExpenses,0.0,0.0,0.0,0.0,0.0,0.0,0.0,0.0,0.0,0.0,0.0,0.0,0.0,0.0
,operatingExpenses,5140000000.0,4750000000.0,4471000000.0,3787000000.0,3655000000.0,3933000000.0,4023000000.0,3790000000.0,3339000000.0,3128000000.0,3074000000.0,2576000000.0,2906000000.0,2485000000.0
,costAndExpenses,0.0,0.0,0.0,0.0,0.0,0.0,0.0,0.0,0.0,0.0,0.0,0.0,0.0,0.0
,interestExpense,105765000.0,130001000.0,125023000.0,107025000.0,96478000.0,59136000.0,51538000.0,51446000.0,54826000.0,68764000.0,90407000.0,100922000.0,116339000.0,123848000.0
,,,,,,,,,,,,,,,,,,,,,,,,,,,,,,,,,,,,,,,,,,,,,,,,,,,,,,,,,,,,,,,,,,,,,,,,,,,,,,,,,,,,,,,,,,,,,,,,,,,,,
EBITDA,,,,,,,,,,,,,,,,,,,,,,,,,,,,,,,,,,,,,,,,,,,,,,,,,,,,,,,,,,,,,,,,,,,,,,,,,,,,,,,,,,,,,,,,,,,,,,,,,,,,,
,depreciationAndAmortization,177090000.0,161113000.0,147908000.0,122364000.0,113963000.0,111622000.0,96845000.0,83503000.0,71796000.0,72741000.0,86037000.0,108296000.0,100462000.0,78748000.0
,EBITDA,0.0,0.0,0.0,0.0,0.0,0.0,0.0,0.0,0.0,0.0,0.0,0.0,0.0,0.0
,EBITDARatio,0.0,0.0,0.0,0.0,0.0,0.0,0.0,0.0,0.0,0.0,0.0,0.0,0.0,0.0
,,,,,,,,,,,,,,,,,,,,,,,,,,,,,,,,,,,,,,,,,,,,,,,,,,,,,,,,,,,,,,,,,,,,,,,,,,,,,,,,,,,,,,,,,,,,,,,,,,,,,
INCOME,,,,,,,,,,,,,,,,,,,,,,,,,,,,,,,,,,,,,,,,,,,,,,,,,,,,,,,,,,,,,,,,,,,,,,,,,,,,,,,,,,,,,,,,,,,,,,,,,,,,,
,operatingIncome,0.0,0.0,0.0,0.0,0.0,0.0,0.0,0.0,0.0,0.0,0.0,0.0,0.0,0.0
,operatingIncomeRatio,0.313421538359875,0.363248595648665,0.325151825888392,0.251807902970694,0.229251363105384,0.217586164675659,0.231242452371966,0.24998176430558,0.244450644266666,0.08288397592103,-0.0293902342611622,0.027398423987468,0.0309135158029999,0.0415740564748355
,totalOtherIncomeExpensesNet,0.0,0.0,0.0,0.0,0.0,0.0,0.0,0.0,0.0,0.0,0.0,0.0,0.0,0.0
,incomeBeforeTax,626073000.0,741835000.0,592637000.0,364570000.0,297516000.0,282555000.0,294697000.0,291303000.0,250591000.0,282685000.0,-88849000.0,72567000.0,92765000.0,107833000.0
,incomeBeforeTaxRatio,0.313421538359875,0.363248595648665,0.325151825888392,0.251807902970694,0.229251363105384,0.217586164675659,0.231242452371966,0.24998176430558,0.244450644266666,0.08288397592103,-0.0293902342611622,0.027398423987468,0.0309135158029999,0.0415740564748355
,incomeTaxExpense,153433000.0,181955000.0,153178000.0,125707000.0,105585000.0,113771000.0,116654000.0,109446000.0,98673000.0,112303000.0,-31987000.0,25047000.0,47269000.0,46764000.0
,netIncome,472640000.0,559880000.0,439459000.0,238863000.0,191931000.0,168784000.0,178043000.0,181857000.0,151918000.0,170382000.0,-56862000.0,47520000.0,45496000.0,61069000.0
,netIncomeRatio,0.236610676215731,0.27415210084692,0.241110319222537,0.164982283586935,0.14789269609762,0.12997491893124,0.139706545868,0.156060643767211,0.14819547779331,0.049956444754327,-0.0188093000546794,0.0179416691868822,0.0151613357944622,0.0235446111567121
,,,,,,,,,,,,,,,,,,,,,,,,,,,,,,,,,,,,,,,,,,,,,,,,,,,,,,,,,,,,,,,,,,,,,,,,,,,,,,,,,,,,,,,,,,,,,,,,,,,,,
EPS,,,,,,,,,,,,,,,,,,,,,,,,,,,,,,,,,,,,,,,,,,,,,,,,,,,,,,,,,,,,,,,,,,,,,,,,,,,,,,,,,,,,,,,,,,,,,,,,,,,,,
,EPS,5.72536098459153,6.78,4.99,2.65,2.15,1.77,1.78,1.74,1.39,1.55,-0.64,0.547358,0.524045,0.703422
,EPSDiluted,5.72536098459153,6.62,4.85,2.59,2.13,1.74,1.75,1.72,1.37,1.5,-0.64,0.478535,0.458153,0.614976
,weightedAverageShsOut,82552000.0,82552000.0,88119000.0,90002000.0,89072000.0,95273000.0,99847000.0,104698000.0,109293525.0,108374000.0,89441000.0,86817000.0,86817000.0,86817000.0
,weightedAverageShsOutDil,82552000.0,84624000.0,90619000.0,92115000.0,90013000.0,96786000.0,101651000.0,106003000.0,111060000.0,112119000.0,89441000.0,99303000.0,99303000.0,99303000.0
