Date,2018-12-31,2017-12-31,2016-12-31,2015-12-31,2014-12-31,2013-12-31,2012-12-31,2011-12-31,2010-12-31,2009-12-31
Revenue,2152000.0,140000.0,137000.0,142000.0,1402000.0,166000.0,184000.0,0.0,14949000.0,13914000.0
Revenue Growth,14.3714285714286,0.0218978102189781,-0.0352112676056338,-0.898716119828816,7.44578313253012,-0.0978260869565217,0.0,-1,0.074385510996119,0.219
Cost of Revenue,0.0,0.0,0.0,0.0,0.0,0.0,0.0,0.0,0.0,0.0
Gross Profit,0.0,0.0,0.0,0.0,0.0,0.0,0.0,0.0,14949000.0,13914000.0
R&D Expenses,0.0,0.0,0.0,0.0,0.0,0.0,0.0,0.0,0.0,0.0
SG&A Expense,8379000.0,7627000.0,7247000.0,6878000.0,6611000.0,6202000.0,6069000.0,5895000.0,10096000.0,9264000.0
Operating Expenses,8379000.0,7627000.0,7247000.0,6878000.0,6611000.0,6202000.0,6069000.0,5895000.0,11533000.0,11035000.0
Operating Income,4585000.0,4563000.0,4290000.0,4054000.0,3158000.0,3743000.0,3626000.0,3680000.0,3416000.0,2879000.0
Interest Expense,3602000.0,2630000.0,2294000.0,2757000.0,3348000.0,3556000.0,4603000.0,5636000.0,0.0,0.0
Earnings before Tax,4585000.0,4563000.0,4290000.0,4054000.0,3725000.0,4711000.0,4610000.0,5073000.0,3416000.0,2879000.0
Income Tax Expense,585000.0,1185000.0,775000.0,716000.0,567000.0,968000.0,984000.0,1393000.0,373000.0,718000.0
Net Income - Non-Controlling int,0.0,0.0,0.0,0.0,0.0,0.0,0.0,0.0,0.0,0.0
Net Income - Discontinued ops,0.0,0.0,0.0,0.0,0.0,0.0,0.0,0.0,0.0,0.0
Net Income,4000000.0,3378000.0,3515000.0,3338000.0,3158000.0,3743000.0,3626000.0,3680000.0,3043000.0,2161000.0
Preferred Dividends,0.0,0.0,0.0,0.0,0.0,0.0,0.0,0.0,0.0,0.0
Net Income Com,4000000.0,3378000.0,3515000.0,3338000.0,3158000.0,3743000.0,3626000.0,3680000.0,3043000.0,2161000.0
EPS,0.66,0.55,0.58,0.57,0.55,0.66,0.64,0.65,0.53,0.37
EPS Diluted,0.66,0.55,0.58,0.56,0.55,0.65,0.64,0.65,0.53,0.37
Weighted Average Shs Out,6075798.0,6110365.0,6014973.0,5893343.0,5750604.0,5701631.0,5704051.0,0.0,5996782.0,6164814.0
Weighted Average Shs Out (Dil),6085700.0,6119295.0,6022649.0,5919420.0,5775639.0,5717476.0,5709177.0,0.0,5996782.0,6164814.0
Dividend per Share,0.144601278407,0.121419215776,0.147443425642,0.103219572188,0.102153198979,0.102667680634,0.162545319579,0.0,0.24,0.2
Gross Margin,0.0,0.0,0.0,0.0,0.0,0.0,0.0,0.0,1.0,1.0
EBITDA Margin,2.18401486989,33.45,32.1605839416,28.5422535211,2.24179743224,21.2469879518,17.722826087,0.0,0.269,0.246
EBIT Margin,2.13057620818,32.5928571429,31.3138686131,28.5492957746,2.25249643367,22.5481927711,19.7065217391,0.0,0.2285,0.2069
Profit Margin,1.85873605948,24.1285714286,25.6569343066,23.5070422535,2.25249643367,22.5481927711,19.7065217391,0.0,0.204,0.155
Free Cash Flow margin,2.46096654275,31.05,27.9270072993,31.7183098592,2.65335235378,28.4638554217,26.7989130435,0.0,0.2195,0.1614
EBITDA,4700000.0,4683000.0,4406000.0,4053000.0,3143000.0,3527000.0,3261000.0,3775000.0,4018000.0,3424000.0
EBIT,4585000.0,4563000.0,4290000.0,4054000.0,3158000.0,3743000.0,3626000.0,3680000.0,3416000.0,2879000.0
Consolidated Income,4000000.0,3378000.0,3515000.0,3338000.0,3158000.0,3743000.0,3626000.0,3680000.0,3043000.0,2161000.0
Earnings Before Tax Margin,2.13057620818,32.5928571429,31.3138686131,28.5492957746,2.65691868759,28.3795180723,25.0543478261,0.0,0.2285,0.2069
Net Profit Margin,1.85873605948,24.1285714286,25.6569343066,23.5070422535,2.25249643367,22.5481927711,19.7065217391,0.0,0.2036,0.1553
