date,,2020-12-31_FY,2019-12-31_FY,2018-12-31_FY,2017-12-31_FY,2016-12-31_FY,2015-12-31_FY,2014-12-31_FY,2013-12-31_FY,2012-12-31_FY,2011-12-31_FY,2010-12-31_FY,2009-12-31_FY,2008-12-31_FY,2007-12-31_FY,2006-12-31_FY,2005-12-31_FY,2004-12-31_FY,2003-12-31_FY,2001-12-31_FY,1999-12-31_FY
,revenue,29319000000.0,0.0,0.0,0.0,0.0,0.0,0.0,0.0,0.0,0.0,0.0,0.0,0.0,0.0,27750000000.0,27095000000.0,22262000000.0,10616480000.0,9487938780.0,3659000000.0
,costOfRevenue,0.0,0.0,0.0,0.0,0.0,0.0,0.0,0.0,0.0,0.0,0.0,0.0,0.0,0.0,0.0,0.0,0.0,0.0,0.0,0.0
,grossProfit,0.0,0.0,0.0,0.0,0.0,0.0,0.0,0.0,0.0,0.0,0.0,0.0,0.0,0.0,27750000000.0,27095000000.0,22262000000.0,0.0,0.0,0.0
,grossProfitRatio,0.0,0.0,0.0,0.0,0.0,0.0,0.0,0.0,0.0,0.0,0.0,0.0,0.0,0.0,1.0,1.0,1.0,0.0,0.0,0.0
,,,,,,,,,,,,,,,,,,,,,,,,,,,,,,,,,,,,,,,,,,,,,,,,,,,,,,,,,,,,,,,,,,,,,,,,,,,,,,,,,,,,,,,,,,,,,,,,,,,,,
COST And EXPENSES,,,,,,,,,,,,,,,,,,,,,,,,,,,,,,,,,,,,,,,,,,,,,,,,,,,,,,,,,,,,,,,,,,,,,,,,,,,,,,,,,,,,,,,,,,,,,,,,,,,,,
,ResearchAndDevelopmentExpenses,0.0,0.0,0.0,0.0,0.0,0.0,0.0,0.0,0.0,0.0,0.0,0.0,0.0,0.0,0.0,0.0,0.0,0.0,0.0,0.0
,GeneralAndAdministrativeExpenses,1202000000.0,0.0,0.0,0.0,0.0,0.0,0.0,0.0,0.0,0.0,0.0,0.0,0.0,0.0,0.0,0.0,0.0,4476000000.0,0.0,3140000000.0
,SellingAndMarketingExpenses,187000000.0,0.0,0.0,0.0,0.0,0.0,0.0,0.0,0.0,0.0,0.0,0.0,0.0,0.0,0.0,0.0,0.0,0.0,0.0,0.0
,otherExpenses,-9281000000.0,-9775000000.0,-10379000000.0,-10181000000.0,-10253000000.0,-10550000000.0,-10760000000.0,-11867000000.0,-11756000000.0,-13050000000.0,0.0,0.0,0.0,10000000.0,-3083000000.0,-2714000000.0,3108000000.0,0.0,0.0,0.0
,operatingExpenses,0.0,35619000000.0,14083000000.0,26541000000.0,33700000000.0,21012000000.0,26642000000.0,34718000000.0,32904000000.0,17540000000.0,29632000000.0,35263000000.0,2792000000.0,13089000000.0,14711547430.0,18494254680.0,5882504880.0,0.0,0.0,0.0
,costAndExpenses,0.0,-9775000000.0,-10379000000.0,-10181000000.0,-10253000000.0,-10550000000.0,-10760000000.0,-11867000000.0,-11756000000.0,-13050000000.0,-16470000000.0,-15984000000.0,-6053000000.0,10000000.0,-628000000.0,-561000000.0,3108000000.0,0.0,0.0,0.0
,interestExpense,3732000000.0,6681000000.0,2953000000.0,5094000000.0,7346000000.0,6297000000.0,8551000000.0,13825000000.0,14460000000.0,13618000000.0,16794000000.0,19212000000.0,9851000000.0,0.0,8429000000.0,6682000000.0,-5594000000.0,4887680000.0,6434262270.0,5713000000.0
,,,,,,,,,,,,,,,,,,,,,,,,,,,,,,,,,,,,,,,,,,,,,,,,,,,,,,,,,,,,,,,,,,,,,,,,,,,,,,,,,,,,,,,,,,,,,,,,,,,,,
EBITDA,,,,,,,,,,,,,,,,,,,,,,,,,,,,,,,,,,,,,,,,,,,,,,,,,,,,,,,,,,,,,,,,,,,,,,,,,,,,,,,,,,,,,,,,,,,,,,,,,,,,,
,depreciationAndAmortization,2732000000.0,0.0,0.0,0.0,0.0,0.0,0.0,0.0,0.0,0.0,0.0,0.0,0.0,0.0,0.0,0.0,628000000.0,696080000.0,551272230.0,233000000.0
,EBITDA,0.0,2908000000.0,1920000000.0,1995000000.0,2035000000.0,1516000000.0,-309000000.0,3249000000.0,4700000000.0,2768000000.0,4316000000.0,5490000000.0,532000000.0,8000000.0,3657000000.0,2605000000.0,1556000000.0,0.0,0.0,0.0
,EBITDARatio,0.0,0.0,0.0,0.0,0.0,0.0,0.0,0.0,0.0,0.0,0.0,0.0,0.0,0.0,0.131783783783784,0.0961431998523713,0.0698948881502111,0.0,0.0,0.0
,,,,,,,,,,,,,,,,,,,,,,,,,,,,,,,,,,,,,,,,,,,,,,,,,,,,,,,,,,,,,,,,,,,,,,,,,,,,,,,,,,,,,,,,,,,,,,,,,,,,,
INCOME,,,,,,,,,,,,,,,,,,,,,,,,,,,,,,,,,,,,,,,,,,,,,,,,,,,,,,,,,,,,,,,,,,,,,,,,,,,,,,,,,,,,,,,,,,,,,,,,,,,,,
,operatingIncome,0.0,2908000000.0,1920000000.0,1995000000.0,2035000000.0,1516000000.0,-309000000.0,3249000000.0,4700000000.0,2768000000.0,4316000000.0,5490000000.0,532000000.0,8000000.0,3657000000.0,2605000000.0,928000000.0,0.0,0.0,0.0
,operatingIncomeRatio,0.0418158873085712,0.0,0.0,0.0,0.0,0.0,0.0,0.0,0.0,0.0,0.0,0.0,0.0,0.0,0.131783783783784,0.0961431998523713,0.0416853831641362,0.402521363012976,0.366676338314232,0.989614648811151
,totalOtherIncomeExpensesNet,0.0,2908000000.0,1920000000.0,1995000000.0,2035000000.0,1516000000.0,-309000000.0,3249000000.0,4700000000.0,2768000000.0,4316000000.0,5490000000.0,532000000.0,8000000.0,2080000000.0,1420000000.0,2511000000.0,0.0,0.0,0.0
,incomeBeforeTax,1226000000.0,0.0,0.0,0.0,0.0,0.0,0.0,0.0,0.0,0.0,0.0,0.0,0.0,0.0,3657000000.0,2605000000.0,3234000000.0,4273360000.0,3479002650.0,3621000000.0
,incomeBeforeTaxRatio,0.0418158873085712,0.0,0.0,0.0,0.0,0.0,0.0,0.0,0.0,0.0,0.0,0.0,0.0,0.0,0.131783783783784,0.0961431998523713,0.1452699667595,0.402521363012976,0.366676338314232,0.989614648811151
,incomeTaxExpense,-161000000.0,0.0,0.0,0.0,0.0,0.0,0.0,0.0,0.0,0.0,0.0,0.0,0.0,0.0,-1087000000.0,-855000000.0,928000000.0,1023680000.0,973157220.0,1101000000.0
,netIncome,1318000000.0,0.0,0.0,0.0,0.0,0.0,0.0,0.0,0.0,0.0,0.0,0.0,0.0,0.0,4744000000.0,3460000000.0,2306000000.0,3249680000.0,2505845430.0,2520000000.0
,netIncomeRatio,0.0449537842354787,0.0,0.0,0.0,0.0,0.0,0.0,0.0,0.0,0.0,0.0,0.0,0.0,0.0,0.170954954954955,0.127698837423879,0.103584583595364,0.306097689629708,0.264108515885681,0.688712763050014
,,,,,,,,,,,,,,,,,,,,,,,,,,,,,,,,,,,,,,,,,,,,,,,,,,,,,,,,,,,,,,,,,,,,,,,,,,,,,,,,,,,,,,,,,,,,,,,,,,,,,
EPS,,,,,,,,,,,,,,,,,,,,,,,,,,,,,,,,,,,,,,,,,,,,,,,,,,,,,,,,,,,,,,,,,,,,,,,,,,,,,,,,,,,,,,,,,,,,,,,,,,,,,
,EPS,8.97373524546519,0.0,0.0,0.0,0.0,0.0,0.0,-1.2,-2.0,31.0,-0.088,-0.752,14.3,14.0,32.3,23.5577571694306,15.7006323793951,2.275122,1.572683,1.802927
,EPSDiluted,8.97373524546519,0.0,0.0,0.0,0.0,0.0,0.0,-1.2,-2.0,31.0,-0.088,-0.752,14.3,14.0,32.3,23.5577571694306,15.7006323793951,2.267317,1.557073,1.767805
,weightedAverageShsOut,146873065.0,146873065.0,146873065.0,146873065.0,146873065.0,146873065.0,146873065.0,146873065.0,146873065.0,146873065.0,146873065.0,146873065.0,146873065.0,146873065.0,146873065.0,146873065.0,146873065.0,1430131250.0,1417831250.0,1394399351.0
,weightedAverageShsOutDil,146873065.0,146873065.0,146873065.0,146873065.0,146873065.0,146873065.0,146873065.0,146873065.0,146873065.0,146873065.0,146873065.0,146873065.0,146873065.0,146873065.0,146873065.0,146873065.0,146873065.0,1434743750.0,1430643750.0,1422102649.0
