date,,2021-01-31_FY,2020-02-01_FY,2019-02-02_FY,2018-02-03_FY,2017-01-28_FY,2016-01-30_FY,2015-01-31_FY,2014-02-01_FY,2013-02-02_FY,2012-01-28_FY,2011-01-29_FY,2010-01-30_FY,2009-01-31_FY,2008-02-02_FY,2007-02-03_FY,2006-01-28_FY,2005-01-29_FY,2004-01-31_FY,2003-02-01_FY,2002-02-02_FY,2001-02-03_FY,2000-01-29_FY,1999-01-30_FY,1998-01-31_FY,1997-02-01_FY,1996-02-03_FY,1995-01-31_FY,1994-01-31_FY,1993-01-31_FY
,revenue,18097000000.0,25331000000.0,25739000000.0,25641000000.0,25778000000.0,27079000000.0,28105000000.0,27931000000.0,27686000000.0,26405000000.0,25003000000.0,23489000000.0,24892000000.0,26313000000.0,26970000000.0,22390000000.0,15630000000.0,15264000000.0,15435000000.0,15651000000.0,18407000000.0,17716000000.0,15833000000.0,15668000000.0,15229000000.0,15049000000.0,8315900000.0,7229400000.0,7079900000.0
,costOfRevenue,12286000000.0,15171000000.0,15215000000.0,15181000000.0,15621000000.0,16496000000.0,16863000000.0,16725000000.0,16538000000.0,15738000000.0,14824000000.0,13973000000.0,15009000000.0,15677000000.0,16019000000.0,13272000000.0,9297000000.0,9099000000.0,9255000000.0,9531000000.0,10872000000.0,10443000000.0,9616000000.0,8971000000.0,9289000000.0,9318000000.0,4804600000.0,4117100000.0,3962700000.0
,grossProfit,5811000000.0,10160000000.0,10524000000.0,10460000000.0,10157000000.0,10583000000.0,11242000000.0,11206000000.0,11148000000.0,10667000000.0,10179000000.0,9516000000.0,9883000000.0,10636000000.0,10951000000.0,9118000000.0,6333000000.0,6165000000.0,6180000000.0,6120000000.0,7535000000.0,7273000000.0,6217000000.0,6697000000.0,5940000000.0,5731000000.0,3511300000.0,3112300000.0,3117200000.0
,grossProfitRatio,0.321102945239542,0.401089574039714,0.408873693616691,0.407940407940408,0.394018155015905,0.390819454189593,0.4,0.401202964448104,0.402658383298418,0.403976519598561,0.407111146662401,0.405125803567627,0.397035192029568,0.404210846349713,0.40604375231739,0.407235372934346,0.405182341650672,0.403891509433962,0.400388726919339,0.39102932719954,0.409355136632803,0.410532851659517,0.392660898124171,0.42743170793975,0.390045308293388,0.380822646022992,0.422239324667204,0.430505989432041,0.440288704642721
,,,,,,,,,,,,,,,,,,,,,,,,,,,,,,,,,,,,,,,,,,,,,,,,,,,,,,,,,,,,,,,,,,,,,,,,,,,,,,,,,,,,,,,,,,,,,,,,,,,,,
COST And EXPENSES,,,,,,,,,,,,,,,,,,,,,,,,,,,,,,,,,,,,,,,,,,,,,,,,,,,,,,,,,,,,,,,,,,,,,,,,,,,,,,,,,,,,,,,,,,,,,,,,,,,,,
,ResearchAndDevelopmentExpenses,0.0,0.0,0.0,0.0,0.0,0.0,0.0,0.0,0.0,0.0,0.0,0.0,0.0,0.0,0.0,0.0,0.0,0.0,0.0,0.0,0.0,0.0,0.0,0.0,0.0,0.0,0.0,0.0,0.0
,GeneralAndAdministrativeExpenses,0.0,8998000000.0,9039000000.0,8954000000.0,8265000000.0,8256000000.0,8355000000.0,8440000000.0,8482000000.0,8281000000.0,8260000000.0,8062000000.0,8481000000.0,8554000000.0,8487000000.0,6500000000.0,4933000000.0,4824000000.0,4837000000.0,4801000000.0,6023000000.0,5572000000.0,4762000000.0,4746000000.0,4738000000.0,4748000000.0,0.0,0.0,0.0
,SellingAndMarketingExpenses,0.0,0.0,0.0,0.0,0.0,0.0,0.0,0.0,0.0,0.0,0.0,0.0,0.0,0.0,0.0,0.0,0.0,0.0,0.0,0.0,0.0,0.0,0.0,0.0,0.0,0.0,0.0,0.0,0.0
,otherExpenses,-30000000.0,0.0,0.0,0.0,0.0,0.0,0.0,0.0,0.0,0.0,0.0,0.0,0.0,0.0,0.0,0.0,0.0,0.0,0.0,0.0,0.0,0.0,0.0,0.0,0.0,0.0,0.0,0.0,0.0
,operatingExpenses,6767000000.0,9278000000.0,8907000000.0,8691000000.0,8842000000.0,8544000000.0,8355000000.0,8528000000.0,8624000000.0,8256000000.0,8285000000.0,8453000000.0,14261000000.0,8773000000.0,9115000000.0,6694000000.0,4933000000.0,4824000000.0,4837000000.0,5016000000.0,6985000000.0,5572000000.0,4762000000.0,5356000000.0,5047000000.0,5068000000.0,0.0,0.0,0.0
,costAndExpenses,19053000000.0,24449000000.0,24122000000.0,23872000000.0,24463000000.0,25040000000.0,25218000000.0,25253000000.0,25162000000.0,23994000000.0,23109000000.0,22426000000.0,29270000000.0,24450000000.0,25134000000.0,19966000000.0,14230000000.0,13923000000.0,14092000000.0,14547000000.0,17857000000.0,16015000000.0,14378000000.0,14327000000.0,14336000000.0,14386000000.0,7680500000.0,6697400000.0,6650100000.0
,interestExpense,265000000.0,205000000.0,261000000.0,321000000.0,367000000.0,363000000.0,400000000.0,390000000.0,425000000.0,447000000.0,579000000.0,562000000.0,0.0,579000000.0,451000000.0,422000000.0,299000000.0,0.0,311000000.0,331000000.0,-437000000.0,-355000000.0,-292000000.0,0.0,-452000000.0,-461000000.0,0.0,0.0,0.0
,,,,,,,,,,,,,,,,,,,,,,,,,,,,,,,,,,,,,,,,,,,,,,,,,,,,,,,,,,,,,,,,,,,,,,,,,,,,,,,,,,,,,,,,,,,,,,,,,,,,,
EBITDA,,,,,,,,,,,,,,,,,,,,,,,,,,,,,,,,,,,,,,,,,,,,,,,,,,,,,,,,,,,,,,,,,,,,,,,,,,,,,,,,,,,,,,,,,,,,,,,,,,,,,
,depreciationAndAmortization,959000000.0,981000000.0,962000000.0,991000000.0,1058000000.0,1061000000.0,1036000000.0,1020000000.0,1049000000.0,1085000000.0,1150000000.0,1210000000.0,1251000000.0,1304000000.0,1265000000.0,976000000.0,734000000.0,713000000.0,676000000.0,685000000.0,727000000.0,735000000.0,623000000.0,610000000.0,560600000.0,519800000.0,326800000.0,256800000.0,266700000.0
,EBITDA,3000000.0,1863000000.0,2579000000.0,2760000000.0,2373000000.0,3100000000.0,3923000000.0,3698000000.0,3573000000.0,3496000000.0,3044000000.0,2273000000.0,-3127000000.0,3167000000.0,3101000000.0,3400000000.0,2134000000.0,2054000000.0,2019000000.0,1789000000.0,1277000000.0,2436000000.0,2078000000.0,1951000000.0,1453600000.0,1182800000.0,962200000.0,788800000.0,696500000.0
,EBITDARatio,0.000165773332596563,0.0735462476807074,0.100198142895994,0.107640107640108,0.0920552409030957,0.114479855238377,0.139583703967266,0.132397694318141,0.12905439572347,0.132399166824465,0.121745390553134,0.0967687002426668,-0.12562269002089,0.120358758028351,0.114979606970708,0.151853506029477,0.136532309660909,0.13456498951782,0.130806608357629,0.114305795156859,0.0693757809528984,0.137502822307519,0.131244868313017,0.124521317334695,0.0954494714032438,0.0785965844906638,0.115706057071393,0.109110022961795,0.098377095721691
,,,,,,,,,,,,,,,,,,,,,,,,,,,,,,,,,,,,,,,,,,,,,,,,,,,,,,,,,,,,,,,,,,,,,,,,,,,,,,,,,,,,,,,,,,,,,,,,,,,,,
INCOME,,,,,,,,,,,,,,,,,,,,,,,,,,,,,,,,,,,,,,,,,,,,,,,,,,,,,,,,,,,,,,,,,,,,,,,,,,,,,,,,,,,,,,,,,,,,,,,,,,,,,
,operatingIncome,-956000000.0,882000000.0,1617000000.0,1769000000.0,1315000000.0,2039000000.0,2887000000.0,2678000000.0,2524000000.0,2411000000.0,1894000000.0,1063000000.0,-4378000000.0,1863000000.0,1836000000.0,2424000000.0,1400000000.0,1341000000.0,1343000000.0,1104000000.0,550000000.0,1701000000.0,1455000000.0,1341000000.0,893000000.0,663000000.0,635400000.0,532000000.0,429800000.0
,operatingIncomeRatio,-0.0528264353207714,0.0348189964865185,0.0628229534946968,0.068991068991069,0.051012491271627,0.0752982015584032,0.102721935598648,0.0958791307149762,0.0911652098533555,0.0913084643060026,0.0757509098908131,0.0452552258503981,-0.175879800739193,0.0708015049595257,0.0680756395995551,0.108262617239839,0.0895713371721049,0.0878537735849057,0.0870100421120829,0.0705386237301131,0.0298799369804966,0.0960149017836984,0.0918966715088739,0.0855884605565484,0.0586381246306389,0.0440560834606951,0.0764078452121839,0.0735884029103383,0.0607070721337872
,totalOtherIncomeExpensesNet,-3549000000.0,31000000.0,39000000.0,57000000.0,0.0,0.0,-104000000.0,0.0,0.0,0.0,0.0,0.0,-5780000000.0,0.0,0.0,0.0,0.0,0.0,0.0,0.0,0.0,0.0,0.0,35000000.0,0.0,0.0,-42000000.0,49400000.0,60400000.0
,incomeBeforeTax,-4790000000.0,728000000.0,1420000000.0,1516000000.0,952000000.0,1678000000.0,2390000000.0,2290000000.0,2102000000.0,1968000000.0,1320000000.0,507000000.0,-4938000000.0,1320000000.0,1446000000.0,2044000000.0,1116000000.0,1084000000.0,1048000000.0,780000000.0,113000000.0,1346000000.0,1163000000.0,958000000.0,441000000.0,202000000.0,331300000.0,367800000.0,232000000.0
,incomeBeforeTaxRatio,-0.264684754379179,0.0287394891634756,0.0551691984925599,0.0591240591240591,0.0369307161145163,0.0619668377709664,0.0850382494218111,0.0819877555404389,0.0759228490934046,0.0745313387615982,0.0527936647602288,0.0215845715015539,-0.198376988590712,0.0501653175236575,0.053615127919911,0.0912907548012506,0.0714011516314779,0.0710167714884696,0.067897635244574,0.0498370711136669,0.00613896887053838,0.075976518401445,0.0734541779826944,0.0611437324483023,0.0289579092520848,0.0134228187919463,0.0398393439074544,0.0508755913353805,0.032768824418424
,incomeTaxExpense,-846000000.0,164000000.0,322000000.0,-29000000.0,341000000.0,608000000.0,864000000.0,804000000.0,767000000.0,712000000.0,473000000.0,157000000.0,-135000000.0,-411000000.0,-458000000.0,-671000000.0,-427000000.0,391000000.0,-410000000.0,-262000000.0,297000000.0,551000000.0,478000000.0,383000000.0,176000000.0,127000000.0,143700000.0,171000000.0,99300000.0
,netIncome,-3944000000.0,564000000.0,1108000000.0,1566000000.0,619000000.0,1072000000.0,1526000000.0,1486000000.0,1335000000.0,1256000000.0,847000000.0,350000000.0,-4803000000.0,893000000.0,995000000.0,1406000000.0,689000000.0,693000000.0,818000000.0,-276000000.0,-184000000.0,795000000.0,662000000.0,536000000.0,266000000.0,75000000.0,187600000.0,193300000.0,113000000.0
,netIncomeRatio,-0.217936674586948,0.0222652086376377,0.0430475154434904,0.0610740610740611,0.0240127240282411,0.0395878725211418,0.0542963885429639,0.0532025348179442,0.0482193166221195,0.047566748721833,0.0338759348878135,0.0149005917663587,-0.192953559376507,0.0339375973853228,0.0368928439006303,0.062795891022778,0.0440818937939859,0.0454009433962264,0.0529964366699061,-0.0176346559325283,-0.00999619709892976,0.0448746895461729,0.0418114065559275,0.0342098544804697,0.0174666754218924,0.00498371984849492,0.0225591938334997,0.0267380418845271,0.0159606774106979
,,,,,,,,,,,,,,,,,,,,,,,,,,,,,,,,,,,,,,,,,,,,,,,,,,,,,,,,,,,,,,,,,,,,,,,,,,,,,,,,,,,,,,,,,,,,,,,,,,,,,
EPS,,,,,,,,,,,,,,,,,,,,,,,,,,,,,,,,,,,,,,,,,,,,,,,,,,,,,,,,,,,,,,,,,,,,,,,,,,,,,,,,,,,,,,,,,,,,,,,,,,,,,
,EPS,-12.6653821451509,1.81118,3.55812,5.1043,1.99163,3.21922,4.3,3.85974,3.24029,2.92093,1.98361,0.82742,-11.4,1.97566,1.81569,3.23218,1.93539,1.88,2.06045,-0.69173,-0.44878,1.81093,1.4646,1.28,0.59775,0.1938,0.705,0.765,0.505
,EPSDiluted,-12.6653821451509,1.81118,3.55812,5.1043,1.99163,3.21922,4.22,3.85974,3.24029,2.92093,1.98361,0.82742,-11.4,1.97566,1.81569,3.23218,1.93539,1.855,2.06045,-0.69173,-0.44878,1.81093,1.4646,1.205,0.59775,0.1938,0.7,0.75,0.505
,weightedAverageShsOut,311400000.0,311400000.0,311400000.0,306800000.0,310800000.0,333000000.0,355200000.0,385000000.0,412000000.0,430000000.0,427000000.0,423000000.0,421200000.0,452000000.0,548000000.0,435000000.0,356000000.0,368617021.0,397000000.0,399000000.0,410000000.0,439000000.0,452000000.0,418750000.0,445000000.0,387000000.0,266099291.0,252679739.0,223762376.0
,weightedAverageShsOutDil,311400000.0,311400000.0,311400000.0,306800000.0,310800000.0,333000000.0,361700000.0,385000000.0,412000000.0,430000000.0,427000000.0,423000000.0,421200000.0,452000000.0,548000000.0,435000000.0,356000000.0,373584906.0,397000000.0,399000000.0,410000000.0,439000000.0,452000000.0,444813278.0,445000000.0,387000000.0,268000000.0,257733333.0,223762376.0
