date,,2020-12-31_FY,2019-12-31_FY,2018-12-31_FY,2017-12-31_FY,2016-12-31_FY,2015-12-31_FY,2014-12-31_FY,2013-12-31_FY,2012-12-31_FY,2011-12-31_FY,2010-12-31_FY,2009-12-31_FY,2008-12-31_FY,2007-12-31_FY,2006-12-31_FY,2005-12-31_FY,2004-12-31_FY,2003-12-31_FY,2002-12-31_FY,2001-12-31_FY,2000-12-31_FY,1999-12-31_FY,1998-12-31_FY,1997-12-31_FY,1996-12-31_FY
,revenue,18001000000.0,20863500000.0,21991200000.0,21034300000.0,19654100000.0,19329900000.0,20762800000.0,20250500000.0,20678000000.0,22006000000.0,18866500000.0,16038700000.0,21552800000.0,20500300000.0,17562500000.0,16080400000.0,14930000000.0,12184500000.0,10610900000.0,10484000000.0,10842800000.0,9770100000.0,8814300000.0,7258500000.0,6079900000.0
,costOfRevenue,15176300000.0,17488400000.0,18412200000.0,17549700000.0,16320300000.0,16034100000.0,17274600000.0,16883800000.0,17236000000.0,18299700000.0,15621100000.0,13220500000.0,17450200000.0,16651700000.0,14416500000.0,13131800000.0,12141900000.0,10047700000.0,8700500000.0,8527000000.0,8829300000.0,8001500000.0,7255700000.0,5906700000.0,4896300000.0
,grossProfit,2824700000.0,3375100000.0,3579000000.0,3484600000.0,3333800000.0,3295800000.0,3488200000.0,3366700000.0,3442000000.0,3706300000.0,3245400000.0,2818200000.0,4102600000.0,3848600000.0,3146000000.0,2948600000.0,2788100000.0,2136800000.0,1910400000.0,1957000000.0,2013500000.0,1768600000.0,1558600000.0,1351800000.0,1183600000.0
,grossProfitRatio,0.156919060052219,0.161770556234572,0.162746916948598,0.165662750840294,0.169623640868826,0.170502692719569,0.168002388887819,0.166252685118886,0.166457104168682,0.168422248477688,0.172019187448652,0.175712495401747,0.190351137671207,0.187733838041395,0.179131672597865,0.183366085420761,0.186744809109176,0.175370347572736,0.180041278308155,0.186665394887448,0.185699265872284,0.181021688621406,0.176826293636477,0.186236825790453,0.194674254510765
,,,,,,,,,,,,,,,,,,,,,,,,,,,,,,,,,,,,,,,,,,,,,,,,,,,,,,,,,,,,,,,,,,,,,,,,,,,,,,,,,,,,,,,,,,,,,,,,,,,,,
COST And EXPENSES,,,,,,,,,,,,,,,,,,,,,,,,,,,,,,,,,,,,,,,,,,,,,,,,,,,,,,,,,,,,,,,,,,,,,,,,,,,,,,,,,,,,,,,,,,,,,,,,,,,,,
,ResearchAndDevelopmentExpenses,0.0,0.0,0.0,0.0,0.0,0.0,0.0,0.0,0.0,0.0,0.0,0.0,0.0,0.0,0.0,0.0,0.0,0.0,0.0,0.0,0.0,0.0,0.0,0.0,0.0
,GeneralAndAdministrativeExpenses,2570300000.0,2666200000.0,2782300000.0,2696400000.0,2583000000.0,2606900000.0,2768300000.0,2854800000.0,3030300000.0,3182100000.0,2938600000.0,2715500000.0,3430300000.0,3023200000.0,2613900000.0,2512100000.0,2392300000.0,1878900000.0,1675600000.0,1719000000.0,1635700000.0,1474300000.0,1280500000.0,1054800000.0,921000000.0
,SellingAndMarketingExpenses,0.0,0.0,0.0,0.0,0.0,0.0,0.0,0.0,0.0,0.0,0.0,0.0,0.0,0.0,0.0,0.0,0.0,0.0,0.0,0.0,0.0,0.0,0.0,0.0,0.0
,otherExpenses,-4800000.0,85700000.0,400000.0,-16700000.0,-12400000.0,600000.0,-9000000.0,-700000.0,-7200000.0,0.0,0.0,0.0,0.0,0.0,0.0,0.0,0.0,0.0,0.0,0.0,0.0,0.0,0.0,0.0,0.0
,operatingExpenses,2570300000.0,2666200000.0,2782300000.0,2696400000.0,2583000000.0,2606900000.0,2768300000.0,2854800000.0,3030300000.0,3182100000.0,2938600000.0,2715500000.0,3430300000.0,3023200000.0,2613900000.0,2512100000.0,2392300000.0,1878900000.0,1675600000.0,1719000000.0,1702500000.0,1538000000.0,1336100000.0,1096400000.0,956600000.0
,costAndExpenses,17746600000.0,20154600000.0,21194500000.0,20246100000.0,18903300000.0,18641000000.0,20042900000.0,19738600000.0,20266300000.0,21481800000.0,18559700000.0,15936000000.0,20880500000.0,19674900000.0,17030400000.0,15643900000.0,14534200000.0,11926600000.0,10376100000.0,10246000000.0,10531800000.0,9539500000.0,8591800000.0,7003100000.0,5852900000.0
,interestExpense,43300000.0,44400000.0,47000000.0,38200000.0,37900000.0,36000000.0,35900000.0,37100000.0,41800000.0,42800000.0,43700000.0,61700000.0,63900000.0,0.0,0.0,0.0,0.0,0.0,0.0,0.0,0.0,0.0,0.0,0.0,0.0
,,,,,,,,,,,,,,,,,,,,,,,,,,,,,,,,,,,,,,,,,,,,,,,,,,,,,,,,,,,,,,,,,,,,,,,,,,,,,,,,,,,,,,,,,,,,,,,,,,,,,
EBITDA,,,,,,,,,,,,,,,,,,,,,,,,,,,,,,,,,,,,,,,,,,,,,,,,,,,,,,,,,,,,,,,,,,,,,,,,,,,,,,,,,,,,,,,,,,,,,,,,,,,,,
,depreciationAndAmortization,76300000.0,77200000.0,85800000.0,84400000.0,85300000.0,77700000.0,83800000.0,94300000.0,100500000.0,104400000.0,110100000.0,97200000.0,107100000.0,99000000.0,88800000.0,94800000.0,94300000.0,72000000.0,72700000.0,80000000.0,66800000.0,63700000.0,55600000.0,41600000.0,35600000.0
,EBITDA,330700000.0,786100000.0,882500000.0,872600000.0,836100000.0,766600000.0,803700000.0,606200000.0,512200000.0,628600000.0,416900000.0,199900000.0,779400000.0,924400000.0,620900000.0,531300000.0,490100000.0,329900000.0,307500000.0,318000000.0,377800000.0,294300000.0,278100000.0,297000000.0,262600000.0
,EBITDARatio,0.0183712015999111,0.0376782419057205,0.0401296882389319,0.0414846227352467,0.0425407421352288,0.0396587669879306,0.0387086520122527,0.0299350633317696,0.0247702872618242,0.0285649368354085,0.0220973683513105,0.0124636036586506,0.0361623547752496,0.0450920230435652,0.0353537366548043,0.0330402228800279,0.0328265237776289,0.0270753826582954,0.0289796341497894,0.0303319343761923,0.0348433983841812,0.0301225166579667,0.0315510023484565,0.0409175449473032,0.0431914998601951
,,,,,,,,,,,,,,,,,,,,,,,,,,,,,,,,,,,,,,,,,,,,,,,,,,,,,,,,,,,,,,,,,,,,,,,,,,,,,,,,,,,,,,,,,,,,,,,,,,,,,
INCOME,,,,,,,,,,,,,,,,,,,,,,,,,,,,,,,,,,,,,,,,,,,,,,,,,,,,,,,,,,,,,,,,,,,,,,,,,,,,,,,,,,,,,,,,,,,,,,,,,,,,,
,operatingIncome,254400000.0,708900000.0,796700000.0,788200000.0,750800000.0,688900000.0,719900000.0,511900000.0,411700000.0,524200000.0,306800000.0,102700000.0,672300000.0,825400000.0,532100000.0,436500000.0,395800000.0,257900000.0,234800000.0,238000000.0,311000000.0,230600000.0,222500000.0,255400000.0,227000000.0
,operatingIncomeRatio,0.0141325481917671,0.0339779998562082,0.0362281276146822,0.0374721288562015,0.0382006807739861,0.0356390876310793,0.0346725875122816,0.025278388187946,0.019910049327788,0.0238207761519586,0.0162616277528953,0.00640326210977199,0.0311931628373112,0.040262825422067,0.0302975088967972,0.0271448471431059,0.0265103817816477,0.0211662357913743,0.0221281889377904,0.0227012590614269,0.0286826281034419,0.0236026243334254,0.0252430709188478,0.0351863332644486,0.037336140397046
,totalOtherIncomeExpensesNet,-76500000.0,15000000.0,-1000000.0,-17500000.0,-15200000.0,5300000.0,-6800000.0,-3000000.0,-8100000.0,0.0,-434500000.0,-75600000.0,-172200000.0,-5200000.0,-14400000.0,-4900000.0,0.0,0.0,0.0,0.0,0.0,0.0,-92100000.0,0.0,21800000.0
,incomeBeforeTax,147700000.0,685500000.0,754700000.0,737300000.0,701300000.0,660700000.0,681600000.0,475500000.0,368400000.0,479900000.0,-165200000.0,-22900000.0,458300000.0,791200000.0,481900000.0,394700000.0,369500000.0,2221000000.0,188000000.0,198000000.0,265200000.0,205800000.0,113800000.0,249200000.0,242300000.0
,incomeBeforeTaxRatio,0.00820509971668241,0.0328564238981954,0.0343182727636509,0.0350522717656399,0.0356821223052696,0.0341802078645001,0.0328279422813879,0.0234809017061307,0.0178160363671535,0.0218076888121421,-0.00875626109771288,-0.00142779651717409,0.0212640584981998,0.0385945571528222,0.0274391459074733,0.0245454093181762,0.0247488278633624,0.182280766547663,0.0177176299842615,0.0188859214040443,0.024458626922935,0.0210642675100562,0.0129108380699545,0.0343321622924847,0.0398526291550848
,incomeTaxExpense,123900000.0,219800000.0,198000000.0,191900000.0,257600000.0,241500000.0,254000000.0,187500000.0,170800000.0,228300000.0,98400000.0,-13700000.0,239400000.0,306500000.0,176200000.0,134600000.0,123800000.0,84400000.0,74800000.0,73000000.0,94000000.0,55800000.0,38100000.0,85300000.0,80000000.0
,netIncome,23800000.0,465700000.0,556700000.0,545400000.0,443700000.0,419200000.0,427600000.0,288000000.0,197600000.0,251600000.0,-263600000.0,-9200000.0,218900000.0,484700000.0,398000000.0,260100000.0,245700000.0,137700000.0,113200000.0,125000000.0,171200000.0,150000000.0,75700000.0,163900000.0,162300000.0
,netIncomeRatio,0.0013221487695128,0.0223212787883145,0.0253146713230747,0.025929077744446,0.0225754422741311,0.0216866098634758,0.0205945248232416,0.014221871064912,0.0095560499081149,0.0114332454785059,-0.0139718548750431,-0.000573612574585222,0.0101564529898667,0.0236435564357595,0.0226619217081851,0.0161749707718713,0.0164567983924983,0.0113012433829866,0.0106682750756298,0.0119229301793209,0.0157892795218947,0.0153529646574754,0.00858831671261473,0.0225804229524006,0.0266945180019408
,,,,,,,,,,,,,,,,,,,,,,,,,,,,,,,,,,,,,,,,,,,,,,,,,,,,,,,,,,,,,,,,,,,,,,,,,,,,,,,,,,,,,,,,,,,,,,,,,,,,,
EPS,,,,,,,,,,,,,,,,,,,,,,,,,,,,,,,,,,,,,,,,,,,,,,,,,,,,,,,,,,,,,,,,,,,,,,,,,,,,,,,,,,,,,,,,,,,,,,,,,,,,,
,EPS,0.397328881469115,7.78,8.62,8.13,6.33,5.46,5.38,3.69,2.49,3.08,-3.26,-0.12,2.78,5.83,4.62,2.95,2.76,1.77,1.48,1.64,2.26,1.94,0.94,2.01,1.95000000540665
,EPSDiluted,0.397328881469115,7.72,8.56,8.04,6.27,5.4,5.3,3.62,2.47,3.04,-3.26,-0.12,2.75,5.73,4.54,2.87,2.59,1.74,1.46,1.62,2.22,1.91,0.93,1.97,1.94703152909851
,weightedAverageShsOut,59900000.0,59900000.0,64600000.0,67100000.0,70100000.0,76800000.0,79500000.0,78000000.0,79500000.0,81600000.0,81000000.0,78300000.0,78700000.0,83100000.0,86200000.0,88169492.0,89021739.0,77796610.0,76486486.0,76219512.0,75752212.0,77319588.0,80531915.0,81542289.0,83230769.0
,weightedAverageShsOutDil,59900000.0,60300000.0,65100000.0,67900000.0,70800000.0,77700000.0,80700000.0,79600000.0,80100000.0,82800000.0,81000000.0,78300000.0,79700000.0,84600000.0,87700000.0,90627178.0,94864865.0,79137931.0,77534247.0,77160494.0,77117117.0,78534031.0,81397849.0,83197970.0,83357664.0
