date,,2020-12-31_FY,2019-12-31_FY,2018-12-31_FY,2017-12-31_FY,2016-12-31_FY,2015-12-31_FY,2014-12-31_FY,2013-12-31_FY,2012-12-31_FY,2011-12-31_FY,2010-12-31_FY,2009-12-31_FY,2008-12-31_FY,2007-12-31_FY,2006-12-31_FY,2005-12-31_FY,2004-12-31_FY,2003-12-31_FY,2002-12-31_FY,2001-12-31_FY,2000-12-31_FY,1999-12-31_FY,1998-12-31_FY,1997-12-31_FY,1996-12-31_FY,1995-12-31_FY,1994-12-31_FY,1993-12-31_FY,1992-12-31_FY,1991-12-31_FY,1990-12-31_FY,1989-12-31_FY,1988-12-31_FY,1987-12-31_FY
,revenue,282000000.0,281000000.0,159000000.0,405000000.0,289000000.0,854000000.0,1263000000.0,1148000000.0,2386000000.0,-1583000000.0,893798000.0,2954021000.0,-856603000.0,-282554000.0,2712256000.0,2300507000.0,2000902000.0,1869214000.0,1150905000.0,1140746000.0,1057454000.0,964421000.0,911882000.0,653982000.0,545537000.0,462222000.0,439536000.0,429000000.0,327900000.0,269000000.0,223600000.0,171700000.0,150700000.0,135400000.0
,costOfRevenue,0.0,0.0,0.0,0.0,0.0,0.0,0.0,0.0,0.0,0.0,0.0,0.0,0.0,0.0,0.0,0.0,0.0,0.0,0.0,0.0,0.0,0.0,0.0,0.0,0.0,0.0,0.0,0.0,0.0,0.0,0.0,0.0,0.0,0.0
,grossProfit,0.0,0.0,0.0,0.0,0.0,0.0,0.0,0.0,0.0,0.0,0.0,0.0,0.0,0.0,0.0,0.0,0.0,0.0,0.0,0.0,0.0,0.0,0.0,0.0,0.0,0.0,0.0,0.0,0.0,0.0,0.0,0.0,0.0,0.0
,grossProfitRatio,0.0,0.0,0.0,0.0,0.0,0.0,0.0,0.0,0.0,0.0,0.0,0.0,0.0,0.0,0.0,0.0,0.0,0.0,0.0,0.0,0.0,0.0,0.0,0.0,0.0,0.0,0.0,0.0,0.0,0.0,0.0,0.0,0.0,0.0
,,,,,,,,,,,,,,,,,,,,,,,,,,,,,,,,,,,,,,,,,,,,,,,,,,,,,,,,,,,,,,,,,,,,,,,,,,,,,,,,,,,,,,,,,,,,,,,,,,,,,
COST And EXPENSES,,,,,,,,,,,,,,,,,,,,,,,,,,,,,,,,,,,,,,,,,,,,,,,,,,,,,,,,,,,,,,,,,,,,,,,,,,,,,,,,,,,,,,,,,,,,,,,,,,,,,
,ResearchAndDevelopmentExpenses,0.0,0.0,0.0,0.0,0.0,0.0,0.0,0.0,0.0,0.0,0.0,0.0,0.0,0.0,0.0,0.0,0.0,0.0,0.0,0.0,0.0,0.0,0.0,0.0,0.0,0.0,0.0,0.0,0.0,0.0,0.0,0.0,0.0,0.0
,GeneralAndAdministrativeExpenses,92000000.0,101000000.0,82000000.0,116000000.0,151000000.0,153000000.0,203000000.0,349000000.0,398000000.0,337000000.0,314483000.0,316232000.0,0.0,0.0,0.0,0.0,0.0,0.0,0.0,0.0,0.0,0.0,0.0,0.0,0.0,0.0,0.0,0.0,0.0,0.0,0.0,0.0,0.0,0.0
,SellingAndMarketingExpenses,0.0,0.0,0.0,0.0,0.0,0.0,0.0,0.0,0.0,0.0,0.0,0.0,0.0,0.0,0.0,0.0,0.0,0.0,0.0,0.0,0.0,0.0,0.0,0.0,0.0,0.0,0.0,0.0,0.0,0.0,0.0,0.0,0.0,0.0
,otherExpenses,0.0,0.0,0.0,0.0,0.0,0.0,0.0,0.0,0.0,0.0,0.0,0.0,0.0,0.0,0.0,0.0,0.0,0.0,0.0,0.0,0.0,0.0,0.0,0.0,0.0,0.0,0.0,0.0,0.0,0.0,0.0,0.0,0.0,0.0
,operatingExpenses,0.0,354000000.0,165000000.0,822000000.0,411000000.0,326000000.0,380000000.0,512000000.0,498000000.0,320000000.0,605000000.0,1262000000.0,1699000000.0,1206000000.0,388000000.0,457000000.0,0.0,0.0,0.0,0.0,0.0,0.0,0.0,0.0,0.0,0.0,0.0,0.0,0.0,0.0,0.0,0.0,0.0,0.0
,costAndExpenses,860000000.0,638000000.0,455000000.0,1066000000.0,628000000.0,565000000.0,622000000.0,732000000.0,788000000.0,656000000.0,989026000.0,1737140000.0,2870786000.0,2783138000.0,1578993000.0,1284559000.0,870989000.0,720574000.0,358324000.0,349762000.0,342597000.0,576538000.0,346844000.0,174413000.0,137407000.0,117192000.0,110114000.0,52400000.0,38600000.0,42800000.0,40700000.0,23800000.0,0.0,0.0
,interestExpense,228000000.0,283000000.0,293000000.0,272000000.0,222000000.0,238000000.0,249000000.0,281000000.0,339000000.0,362000000.0,384032000.0,475028000.0,1171783000.0,1577048000.0,1182078000.0,796339000.0,488266000.0,370592000.0,58453000.0,56445000.0,53756000.0,53935000.0,44620000.0,37500000.0,33500000.0,28400000.0,27200000.0,26900000.0,20500000.0,18600000.0,17300000.0,1300000.0,0.0,0.0
,,,,,,,,,,,,,,,,,,,,,,,,,,,,,,,,,,,,,,,,,,,,,,,,,,,,,,,,,,,,,,,,,,,,,,,,,,,,,,,,,,,,,,,,,,,,,,,,,,,,,
EBITDA,,,,,,,,,,,,,,,,,,,,,,,,,,,,,,,,,,,,,,,,,,,,,,,,,,,,,,,,,,,,,,,,,,,,,,,,,,,,,,,,,,,,,,,,,,,,,,,,,,,,,
,depreciationAndAmortization,0.0,0.0,0.0,0.0,0.0,0.0,0.0,0.0,0.0,-1000000.0,7592000.0,9193000.0,9640000.0,10158000.0,-9429000.0,12317000.0,13904000.0,11483000.0,14047000.0,16612000.0,18258000.0,18351000.0,17225000.0,11839000.0,9405000.0,9167000.0,8208000.0,7300000.0,8200000.0,7400000.0,12900000.0,12100000.0,0.0,0.0
,EBITDA,0.0,0.0,0.0,0.0,0.0,0.0,0.0,0.0,0.0,0.0,-87636000.0,1226074000.0,-3717749000.0,-1478486000.0,2305912000.0,1824604000.0,1632083000.0,1530715000.0,865081000.0,864041000.0,786871000.0,0.0,626883000.0,0.0,450997000.0,382636000.0,364789000.0,0.0,0.0,0.0,0.0,0.0,0.0,0.0
,EBITDARatio,0.0,0.0,0.0,0.0,0.0,0.0,0.0,0.0,0.0,0.0,-0.0980489998858803,0.415052567331106,4.34010737763001,5.23257855135656,0.850182283678237,0.793131253241133,0.815673631192332,0.81890837539201,0.751652829729648,0.757435046890368,0.744118420281166,0.0,0.687460658286927,0.0,0.826702863417147,0.827818667220513,0.829941119726257,0.0,0.0,0.0,0.0,0.0,0.0,0.0
,,,,,,,,,,,,,,,,,,,,,,,,,,,,,,,,,,,,,,,,,,,,,,,,,,,,,,,,,,,,,,,,,,,,,,,,,,,,,,,,,,,,,,,,,,,,,,,,,,,,,
INCOME,,,,,,,,,,,,,,,,,,,,,,,,,,,,,,,,,,,,,,,,,,,,,,,,,,,,,,,,,,,,,,,,,,,,,,,,,,,,,,,,,,,,,,,,,,,,,,,,,,,,,
,operatingIncome,0.0,0.0,0.0,0.0,-339000000.0,289000000.0,641000000.0,416000000.0,1598000000.0,0.0,-95228000.0,1216881000.0,-3727389000.0,-1488644000.0,2315341000.0,1812287000.0,1618179000.0,1519232000.0,851034000.0,847429000.0,768613000.0,0.0,609658000.0,0.0,441592000.0,373469000.0,356581000.0,0.0,0.0,0.0,0.0,0.0,0.0,0.0
,operatingIncomeRatio,-2.04964539007092,-1.27046263345196,-1.86163522012579,-1.6320987654321,-1.17301038062284,0.338407494145199,0.507521773555028,0.362369337979094,0.669740150880134,1.41440303221731,-0.106543089154373,0.411940537998884,4.35136113228648,5.26852920149777,0.853658725430048,0.78777721606585,0.808724765130926,0.812765151555681,0.739447652065114,0.74287264649624,0.726852421003656,0.40219261090333,0.668571152846531,0.733306115458835,0.809462969514442,0.807986205762599,0.811266881438608,0.0,0.0,0.0,0.0,0.0,0.0,0.0
,totalOtherIncomeExpensesNet,0.0,0.0,-171000000.0,0.0,0.0,0.0,0.0,0.0,0.0,0.0,13310000.0,269459000.0,-1809705000.0,-3341735000.0,1235156000.0,903718000.0,621058000.0,509188000.0,186474000.0,192253000.0,184232000.0,137009000.0,120554000.0,54252000.0,31952000.0,22072000.0,17745000.0,197700000.0,165000000.0,136800000.0,116900000.0,80500000.0,0.0,0.0
,incomeBeforeTax,-578000000.0,-357000000.0,-296000000.0,-661000000.0,-339000000.0,289000000.0,641000000.0,416000000.0,1598000000.0,-2239000000.0,-95228000.0,1216881000.0,-3727389000.0,-3065692000.0,1133263000.0,1015948000.0,1129913000.0,1148640000.0,792581000.0,790984000.0,714857000.0,387883000.0,565038000.0,479569000.0,408130000.0,345030000.0,329422000.0,0.0,0.0,0.0,0.0,0.0,0.0,0.0
,incomeBeforeTaxRatio,-2.04964539007092,-1.27046263345196,-1.86163522012579,-1.6320987654321,-1.17301038062284,0.338407494145199,0.507521773555028,0.362369337979094,0.669740150880134,1.41440303221731,-0.106543089154373,0.411940537998884,4.35136113228648,10.8499331101312,0.41783039654074,0.441619173512621,0.564701819479415,0.614504278268834,0.688658924932988,0.6933918681284,0.676017112801124,0.40219261090333,0.619639383165804,0.733306115458835,0.748125241734291,0.746459493490141,0.749476720905682,0.0,0.0,0.0,0.0,0.0,0.0,0.0
,incomeTaxExpense,0.0,2000000.0,0.0,944000000.0,-1000000.0,109000000.0,72000000.0,166000000.0,364000000.0,-920000000.0,-147757000.0,582821000.0,-1054696000.0,-1143744000.0,320080000.0,303869000.0,317185000.0,335055000.0,205763000.0,207826000.0,186220000.0,67353000.0,132310000.0,105393000.0,85967000.0,73611000.0,69213000.0,77900000.0,55600000.0,45000000.0,38700000.0,32800000.0,26200000.0,33100000.0
,netIncome,-578000000.0,-359000000.0,-296000000.0,-1605000000.0,-338000000.0,180000000.0,569000000.0,250000000.0,1234000000.0,-1319000000.0,52529000.0,634060000.0,-2672693000.0,-1921948000.0,819288000.0,710986000.0,815304000.0,813585000.0,579087000.0,570091000.0,528637000.0,320530000.0,432728000.0,374176000.0,322163000.0,271419000.0,260209000.0,259000000.0,188700000.0,144700000.0,126600000.0,102300000.0,92000000.0,73800000.0
,netIncomeRatio,-2.04964539007092,-1.27758007117438,-1.86163522012579,-3.96296296296296,-1.16955017301038,0.210772833723653,0.450514647664291,0.217770034843206,0.517183570829841,0.833228048010107,0.0587705499452897,0.214643023864759,3.12010698071335,6.80205553628687,0.302068831260766,0.309056221085178,0.407468231827446,0.435255139325941,0.503157949613565,0.499752793347511,0.499914889914833,0.332354853326504,0.474543855454982,0.572150303830992,0.590542896265514,0.587204849617716,0.592008390666521,0.603729603729604,0.57548032936871,0.537918215613383,0.566189624329159,0.595806639487478,0.610484406104844,0.545051698670606
,,,,,,,,,,,,,,,,,,,,,,,,,,,,,,,,,,,,,,,,,,,,,,,,,,,,,,,,,,,,,,,,,,,,,,,,,,,,,,,,,,,,,,,,,,,,,,,,,,,,,
EPS,,,,,,,,,,,,,,,,,,,,,,,,,,,,,,,,,,,,,,,,,,,,,,,,,,,,,,,,,,,,,,,,,,,,,,,,,,,,,,,,,,,,,,,,,,,,,,,,,,,,,
,EPS,-9.78,-4.43,-3.33,-13.5,-2.54,1.09798732944582,2.94,1.3,6.36,-6.69,0.259503152514487,2.99,-9.77948,-15.17,6.17,5.3,5.75,5.67,3.95,3.85,3.58,2.146667,2.913333,2.84,2.47733569610024,2.143333,2.06093358377008,2.06,1.56,1.26,1.12,0.93,0.82,0.66
,EPSDiluted,-9.78,-4.43,-3.33,-13.5,-2.54,1.09177067662633,2.76,1.29,6.33,-6.69,0.258736610150153,2.99,-9.77948,-15.17,5.99,5.18,5.63,5.61,3.92,3.82,3.553333,2.126667,2.88,2.813333,2.47611778352814,2.143333,2.06092973149874,2.03,1.54,1.25,1.11,0.91,0.82,0.66
,weightedAverageShsOut,59071843.0,81014285.0,89013711.0,118930282.0,133001088.0,163936318.0,188171503.0,189071011.0,193842435.0,197019968.0,202421433.0,208156622.0,217089104.0,126670332.0,132794334.0,134098392.0,141861225.0,143449007.0,146634204.0,148190890.0,147714663.0,149386305.0,148467961.0,131868922.0,130044144.0,126720033.0,126257829.0,125728155.0,120961538.0,114841270.0,113035714.0,110000000.0,112195122.0,111818182.0
,weightedAverageShsOutDil,59071843.0,81014285.0,89013711.0,118930282.0,133001088.0,164869788.0,190898627.0,190312913.0,194904830.0,197019968.0,203021134.0,208156622.0,217089104.0,126670332.0,136694798.0,137220731.0,144799513.0,144980396.0,147574079.0,149282657.0,148668943.0,150603508.0,150244521.0,133121082.0,130108108.0,126720033.0,126258065.0,127586207.0,122532468.0,115760000.0,114054054.0,112417582.0,112195122.0,111818182.0
