date,,2020-12-31_FY,2019-12-31_FY,2018-12-31_FY,2017-12-31_FY,2017-08-30_FY,2016-12-31_FY,2015-12-31_FY,2014-12-31_FY,2013-12-31_FY,2012-12-31_FY,2011-12-31_FY,2010-12-31_FY,2009-12-31_FY,2008-12-31_FY,2007-12-31_FY,2006-12-31_FY,2005-12-31_FY,2004-12-31_FY,2003-12-31_FY,2002-12-31_FY,2001-12-31_FY,2000-12-31_FY,1999-12-31_FY,1998-12-31_FY,1997-12-31_FY,1996-12-31_FY,1995-12-31_FY,1994-11-30_FY,1993-11-30_FY,1992-11-30_FY,1991-11-30_FY
,revenue,1199011000.0,1415803000.0,1476203000.0,1513779000.0,0.0,1385785000.0,1326256000.0,1223512000.0,1148881000.0,1070711000.0,943274000.0,697825000.0,545924000.0,584648000.0,547319000.0,423671000.0,443462000.0,316812000.0,312716000.0,599203308.115937,699299771.98206,778113800.6002,456581291.556482,309859092.740625,195707326.345213,170103252.335085,133362090.329203,63149236.474695,25000000.0,22800000.0,18500000.0
,costOfRevenue,769899000.0,961076000.0,991198000.0,1023476000.0,0.0,936133000.0,879716000.0,798518000.0,754494000.0,739121000.0,674460000.0,477491000.0,354312000.0,392145000.0,351851000.0,246799000.0,261687000.0,203004000.0,276157000.0,311321443.680088,350692300.782673,401821603.201067,200472348.1527,157645843.244297,109592106.918239,99501902.364273,77477976.391231,32225125.072717,17500000.0,16400000.0,13600000.0
,grossProfit,429112000.0,454727000.0,485005000.0,490303000.0,0.0,449652000.0,446540000.0,424994000.0,394387000.0,331590000.0,268814000.0,220334000.0,191612000.0,192503000.0,195468000.0,176872000.0,181775000.0,113808000.0,36559000.0,287881864.435848,348607471.199387,376292197.399133,256108943.403782,152213249.496328,86115219.426974,70601349.970811,55884113.937972,30924111.401978,7400000.0,6400000.0,4800000.0
,grossProfitRatio,0.35788829293476,0.321179570886628,0.328548986826338,0.323893382059072,0.0,0.324474575781958,0.336692161995874,0.347355808524967,0.343279243019947,0.309691410660767,0.284979761977962,0.315743918604235,0.350986584213187,0.329263077954598,0.357137245372443,0.417474880272664,0.409899833582133,0.359228817090262,0.116907993195104,0.48044104653065,0.498509344871244,0.483595326427676,0.56092737074423,0.491233767420025,0.440020417401611,0.415049971130087,0.419040476945304,0.489698896270422,0.296,0.280701754385965,0.259459459459459
,,,,,,,,,,,,,,,,,,,,,,,,,,,,,,,,,,,,,,,,,,,,,,,,,,,,,,,,,,,,,,,,,,,,,,,,,,,,,,,,,,,,,,,,,,,,,,,,,,,,,
COST And EXPENSES,,,,,,,,,,,,,,,,,,,,,,,,,,,,,,,,,,,,,,,,,,,,,,,,,,,,,,,,,,,,,,,,,,,,,,,,,,,,,,,,,,,,,,,,,,,,,,,,,,,,,
,ResearchAndDevelopmentExpenses,0.0,0.0,0.0,0.0,0.0,0.0,0.0,0.0,0.0,0.0,0.0,0.0,0.0,0.0,0.0,0.0,0.0,0.0,0.0,0.0,0.0,0.0,0.0,0.0,0.0,0.0,0.0,0.0,0.0,0.0,0.0
,GeneralAndAdministrativeExpenses,341565000.0,328339000.0,349056000.0,310455000.0,0.0,306251000.0,322207000.0,290073000.0,386779000.0,303084000.0,0.0,156924000.0,136897000.0,0.0,0.0,0.0,0.0,0.0,0.0,0.0,274270554.906469,290653773.257753,169765685.996976,101006016.117502,61139807.826695,50200959.573847,44287411.100521,12709909.831297,0.0,0.0,0.0
,SellingAndMarketingExpenses,0.0,0.0,0.0,0.0,0.0,0.0,0.0,0.0,0.0,0.0,0.0,0.0,0.0,0.0,0.0,0.0,0.0,0.0,0.0,0.0,0.0,0.0,0.0,0.0,0.0,0.0,0.0,0.0,0.0,0.0,0.0
,otherExpenses,20500000.0,-2401000.0,230000.0,162000.0,0.0,414000.0,7238000.0,689000.0,2531000.0,117000.0,0.0,0.0,0.0,0.0,0.0,0.0,0.0,0.0,0.0,0.0,0.0,0.0,0.0,0.0,0.0,0.0,0.0,0.0,4600000.0,3800000.0,3900000.0
,operatingExpenses,378470000.0,366668000.0,395252000.0,353929000.0,0.0,352697000.0,374430000.0,337245000.0,426379000.0,349498000.0,259507000.0,191405000.0,171368000.0,172159000.0,172453000.0,163586000.0,159187000.0,110986000.0,12617000.0,335659739.187327,216724264.123921,325690446.815605,197639423.335842,117907421.199714,71429677.148847,57901106.976065,48586188.870152,13910845.695172,4600000.0,3800000.0,3900000.0
,costAndExpenses,1148369000.0,1327744000.0,1386450000.0,1377405000.0,0.0,1288830000.0,1254146000.0,1135763000.0,1180873000.0,1088619000.0,933967000.0,668896000.0,525680000.0,564304000.0,524304000.0,410385000.0,420874000.0,313990000.0,288774000.0,646981182.867415,567416564.906594,727512050.016672,398111771.488542,275553264.444011,181021784.067086,157403009.340339,126064165.261383,46135970.767888,22100000.0,20200000.0,17500000.0
,interestExpense,0.0,64942000.0,67075000.0,65123000.0,0.0,65858000.0,57903000.0,55265000.0,45234000.0,46571000.0,41922000.0,33487000.0,22098000.0,14998000.0,13672000.0,11278000.0,9260000.0,8788000.0,11502000.0,17797365.83011,31776399.829144,31575212.404135,0.0,14989936.309872,0.0,6300120.402802,3798920.008798,600468.295521,-500000.0,-700000.0,-900000.0
,,,,,,,,,,,,,,,,,,,,,,,,,,,,,,,,,,,,,,,,,,,,,,,,,,,,,,,,,,,,,,,,,,,,,,,,,,,,,,,,,,,,,,,,,,,,,,,,,,,,,
EBITDA,,,,,,,,,,,,,,,,,,,,,,,,,,,,,,,,,,,,,,,,,,,,,,,,,,,,,,,,,,,,,,,,,,,,,,,,,,,,,,,,,,,,,,,,,,,,,,,,,,,,,
,depreciationAndAmortization,36905000.0,38329000.0,46196000.0,43474000.0,0.0,46446000.0,52223000.0,47172000.0,39600000.0,46414000.0,40236000.0,34481000.0,34471000.0,34404000.0,29246000.0,24757000.0,27483000.0,13743000.0,12617000.0,16185875.716981,25537910.023995,35036674.224742,27873737.338866,16901405.082212,10289869.322152,7700147.402218,4298777.769631,1200936.591041,0.0,0.0,0.0
,EBITDA,87547000.0,126388000.0,135949000.0,179848000.0,0.0,143401000.0,124333000.0,134921000.0,7608000.0,28506000.0,49543000.0,63410000.0,54715000.0,54748000.0,52261000.0,38043000.0,50071000.0,16565000.0,36559000.0,-31591999.034497,157421117.099461,85638424.80827,86343257.406806,51207233.378826,24975411.600279,20400390.396964,11596702.837451,18214202.297847,1100000.0,200000.0,-2400000.0
,EBITDARatio,0.0730160106954815,0.0892694817004908,0.0920937025598783,0.118807302783299,0.0,0.103479977052717,0.0937473609921463,0.110273540431152,0.00662209576100571,0.0266234305989198,0.0525223848001747,0.0908680543116111,0.100224573383841,0.0936426704615427,0.0954854481572904,0.08979373145672,0.112909336087421,0.0522865295506483,0.116907993195104,-0.052723338817723,0.225112495966178,0.110058997465683,0.189108180741402,0.165259740890322,0.12761612999722,0.119929455297994,0.0869565167194414,0.288431077153969,0.044,0.008772,-0.12973
,,,,,,,,,,,,,,,,,,,,,,,,,,,,,,,,,,,,,,,,,,,,,,,,,,,,,,,,,,,,,,,,,,,,,,,,,,,,,,,,,,,,,,,,,,,,,,,,,,,,,
INCOME,,,,,,,,,,,,,,,,,,,,,,,,,,,,,,,,,,,,,,,,,,,,,,,,,,,,,,,,,,,,,,,,,,,,,,,,,,,,,,,,,,,,,,,,,,,,,,,,,,,,,
,operatingIncome,50642000.0,88059000.0,89753000.0,136374000.0,0.0,96955000.0,72110000.0,87749000.0,-31992000.0,-17908000.0,9307000.0,28929000.0,20244000.0,20344000.0,23015000.0,13286000.0,22588000.0,2822000.0,23942000.0,-47777874.751478,131883207.075466,50601750.583528,58469520.06794,34305828.296614,14685542.278127,12700242.994746,7297925.06782,17013265.706806,2800000.0,2600000.0,900000.0
,operatingIncomeRatio,0.0422364765627671,0.0621972124652935,0.0607999035363023,0.0900884475210714,0.0,0.0699639554476344,0.054371101808399,0.0717189533081817,-0.0278462260234089,-0.0167253348475919,0.00986669832943556,0.0414559524236019,0.0370820846857804,0.0347970060617671,0.0420504312841323,0.031359238654522,0.0509355931286108,0.00890749087787079,0.076561480704537,-0.0797356658488836,0.18859323620493,0.0650312981783593,0.128059386464605,0.110714286268599,0.0750382857523832,0.0746619645444985,0.0547226355691122,0.26941364071161,0.112,0.114035087719298,0.0486486486486487
,totalOtherIncomeExpensesNet,-76881000.0,-1470000.0,-103085000.0,15068000.0,0.0,-81621000.0,-32090000.0,-17793000.0,-58594000.0,-859000.0,-1561000.0,450000.0,-2038000.0,13592000.0,-3962000.0,-4382000.0,1130000.0,17997000.0,4147000.0,102746473.693237,-99745837.259262,16265169.723241,0.0,-100604.406317,0.0,400007.29714,-99971.405528,-12609831.297266,-800000.0,-900000.0,-1100000.0
,incomeBeforeTax,-88402000.0,21647000.0,-80407000.0,87078000.0,0.0,-49716000.0,-17416000.0,15109000.0,-135590000.0,-65079000.0,-34037000.0,-3903000.0,-3548000.0,20332000.0,6942000.0,4278000.0,-8522000.0,9065000.0,16587000.0,116474127.713093,-78581568.86393,33486467.489163,25185655.893339,15291746.929226,8191935.010482,5900113.105663,2699232.348413,3202496.364165,1500000.0,900000.0,-1100000.0
,incomeBeforeTaxRatio,-0.0737290983985968,0.0152895565272852,-0.0544687959582794,0.0575235883177135,0.0,-0.0358756950031931,-0.0131317030799484,0.0123488776571051,-0.118019185624969,-0.0607811071334842,-0.03608389502944,-0.00559309282413212,-0.00649907313105854,0.0347764808910661,0.0126836451868106,0.0100974576971282,-0.0192169791323721,0.0286131838440463,0.0530417375510047,0.194381649993423,-0.112371792487794,0.0430354370573213,0.0551613838742304,0.0493506477217576,0.0418580906676536,0.0346854808751123,0.0202398773275822,0.0507131446545406,0.06,0.0394736842105263,-0.0594594594594595
,incomeTaxExpense,116555000.0,10533000.0,31603000.0,-168064000.0,0.0,-7301000.0,5664000.0,12422000.0,-4291000.0,9553000.0,41735000.0,-165000.0,8536000.0,2397000.0,5620000.0,2561000.0,2157000.0,243000.0,6589000.0,22265951.432691,-16168676.74217,5955794.598199,9302899.891599,6136819.392994,2797245.981831,800015.323993,99971.405528,100077.806864,100000.0,0.0,-100000.0
,netIncome,-228971000.0,-4690000.0,-123733000.0,241848000.0,0.0,-47942000.0,-37357000.0,-24057000.0,-148863000.0,-85439000.0,-84674000.0,-15440000.0,-18324000.0,133000.0,-26355000.0,-33539000.0,-7949000.0,-2157000.0,11042000.0,94208176.280402,-149951728.664933,27530672.890964,15882756.00174,9154927.536232,-14585640.11181,5100097.78167,2599260.942884,3102418.557301,1500000.0,900000.0,-1400000.0
,netIncomeRatio,-0.190966554935693,-0.00331260775687013,-0.0838184179276156,0.159764404183173,0.0,-0.0345955541444019,-0.0281672618257712,-0.0196622509628022,-0.129572166307912,-0.0797965090486602,-0.0897660700920411,-0.0221258911618242,-0.0335651116272595,0.000227487308602783,-0.0481529053440498,-0.079162840978023,-0.0179248729316153,-0.00680845422521874,0.0353099937323322,0.157222390137696,-0.214431256340778,0.0353812936741748,0.0347862610568116,0.0295454538876332,-0.0745278185757953,0.0299823648969589,0.0194902534630925,0.0491283621227027,0.06,0.0394736842105263,-0.0756756756756757
,,,,,,,,,,,,,,,,,,,,,,,,,,,,,,,,,,,,,,,,,,,,,,,,,,,,,,,,,,,,,,,,,,,,,,,,,,,,,,,,,,,,,,,,,,,,,,,,,,,,,
EPS,,,,,,,,,,,,,,,,,,,,,,,,,,,,,,,,,,,,,,,,,,,,,,,,,,,,,,,,,,,,,,,,,,,,,,,,,,,,,,,,,,,,,,,,,,,,,,,,,,,,,
,EPS,-3.34,-0.25,-2.31,3.72,0.0,-0.93,-0.75,-0.49,-3.16,-1.853333,-1.94,-0.366667,-0.446667,0.00331268030757016,-0.7,-0.933333,-0.226667,-0.0673433218746657,0.366667,3.675684,-3.53744,1.008354,0.547799,0.399281,-0.846681,0.300054,0.126661,0.240028,0.13393,0.12162,-0.35897
,EPSDiluted,-3.34,-0.25,-2.31,3.71,0.0,-0.93,-0.75,-0.49,-3.16,-1.853333,-1.94,-0.366667,-0.446667,0.00323245144037672,-0.7,-0.933333,-0.226667,-0.0630209122494714,0.326667,2.485745,-3.53744,0.85476,0.507716,0.372665,-0.853347,0.28005,0.126661,0.240028,0.13393,0.12162,-0.35897
,weightedAverageShsOut,72862178.0,69132100.0,57218994.0,55255797.0,55255797.0,51345807.0,49875282.0,49545350.0,47108406.0,46090159.0,43680559.0,42241716.0,41094694.0,40148758.0,37500873.0,35812929.0,34948192.0,32029902.0,30114545.0,25630105.0,25328815.0,25067668.0,26610330.0,22928546.0,17226850.0,16997294.0,15556500.0,12925230.0,11200000.0,7400000.0,3900000.0
,weightedAverageShsOutDil,72862178.0,69132100.0,57218994.0,55481786.0,55255797.0,51345807.0,49875282.0,49545350.0,47108406.0,46090159.0,43680559.0,42241716.0,41094694.0,41145243.0,37500873.0,35812929.0,34948192.0,34226734.0,33802041.0,38252662.0,25328815.0,25067668.0,26610330.0,24566089.0,17226850.0,18211408.0,15556500.0,12925230.0,11200000.0,7400000.0,3900000.0
