Date,2018-12-31,2017-12-31,2016-12-31,2015-12-31,2014-12-31,2013-12-31,2012-12-31,2011-12-31,2010-12-31,2009-12-31
Revenue,559768000.0,563099000.0,544745000.0,564028000.0,619852000.0,590887000.0,541323000.0,546382000.0,532591000.0,533819000.0
Revenue Growth,-0.0059,0.0337,-0.0342,-0.0901,0.049,0.0916,-0.0093,0.0259,-0.0023,-0.1043
Cost of Revenue,389149000.0,385397000.0,376217000.0,395548000.0,441059000.0,424062000.0,389853000.0,397572000.0,398029000.0,408074000.0
Gross Profit,170619000.0,177702000.0,168528000.0,168480000.0,178793000.0,166825000.0,151470000.0,148810000.0,134562000.0,125745000.0
R&D Expenses,0.0,0.0,0.0,0.0,0.0,0.0,0.0,0.0,0.0,0.0
SG&A Expense,0.0,0.0,0.0,0.0,0.0,0.0,0.0,0.0,0.0,0.0
Operating Expenses,56412000.0,53077000.0,44646000.0,44225000.0,40695000.0,38838000.0,38707000.0,40942000.0,37960000.0,41080000.0
Operating Income,114207000.0,124625000.0,123882000.0,124255000.0,138098000.0,127987000.0,112763000.0,107868000.0,96602000.0,84665000.0
Interest Expense,19609000.0,19324000.0,19866000.0,20162000.0,19673000.0,18924000.0,19467000.0,20162000.0,16157000.0,13594000.0
Earnings before Tax,111653000.0,119700000.0,118073000.0,112706000.0,128504000.0,119764000.0,103365000.0,96920000.0,91538000.0,79167000.0
Income Tax Expense,27434000.0,22094000.0,42513000.0,41363000.0,48185000.0,44859000.0,38919000.0,35992000.0,33820000.0,28170000.0
Net Income - Non-Controlling int,0.0,0.0,0.0,0.0,0.0,0.0,0.0,0.0,0.0,0.0
Net Income - Discontinued ops,0.0,0.0,0.0,0.0,0.0,0.0,0.0,0.0,0.0,0.0
Net Income,84219000.0,97606000.0,75560000.0,71343000.0,80319000.0,74905000.0,64446000.0,60928000.0,57718000.0,50997000.0
Preferred Dividends,0.0,0.0,0.0,0.0,0.0,0.0,0.0,0.0,0.0,0.0
Net Income Com,84219000.0,97606000.0,75560000.0,71343000.0,80319000.0,74905000.0,64446000.0,60928000.0,57718000.0,50997000.0
EPS,2.43,2.82,2.18,2.06,2.32,2.16,1.86,1.76,1.667,1.473
EPS Diluted,2.43,2.82,2.18,2.06,2.32,2.16,1.86,1.76,1.667,1.473
Weighted Average Shs Out,34668370.0,34668370.0,34668370.0,34668370.0,34668370.0,34670457.0,34670457.0,34670457.0,34670457.0,34670457.0
Weighted Average Shs Out (Dil),34668000.0,34668000.0,34668000.0,34668000.0,34668000.0,34668000.0,34668000.0,34668000.0,34671000.0,34605000.0
Dividend per Share,1.321,1.26,1.205,1.154,1.108,1.07,1.037,1.01,0.991,0.973
Gross Margin,0.3048,0.3156,0.3094,0.2987,0.2884,0.2823,0.2798,0.2724,0.2527,0.2356
EBITDA Margin,0.335,0.341,0.335,0.314,0.305,0.3,0.298,0.289,0.273,0.251
EBIT Margin,0.2345,0.2469,0.2532,0.2356,0.2391,0.2347,0.2269,0.2143,0.2022,0.1738
Profit Margin,0.15,0.173,0.139,0.126,0.13,0.127,0.119,0.112,0.108,0.096
Free Cash Flow margin,-0.1057,0.0463,0.1179,0.1226,0.0582,0.0359,0.0879,0.1161,0.1264,0.075
EBITDA,187674000.0,192101000.0,182585000.0,177093000.0,188872000.0,177526000.0,161539000.0,158024000.0,145655000.0,133841000.0
EBIT,131262000.0,139024000.0,137939000.0,132868000.0,148177000.0,138688000.0,122832000.0,117082000.0,107695000.0,92761000.0
Consolidated Income,84219000.0,97606000.0,75560000.0,71343000.0,80319000.0,74905000.0,64446000.0,60928000.0,57718000.0,50997000.0
Earnings Before Tax Margin,0.1995,0.2126,0.2167,0.1998,0.2073,0.2027,0.1909,0.1774,0.1719,0.1483
Net Profit Margin,0.1505,0.1733,0.1387,0.1265,0.1296,0.1268,0.1191,0.1115,0.1084,0.0955
