Date,2018-09-30,2017-09-30,2016-09-30,2015-09-30,2014-09-30,2013-09-30,2012-09-30,2011-09-30,2010-09-30,2009-09-30
Revenue,20825000.0,18861000.0,17698000.0,16967000.0,16120000.0,15061000.0,15701000.0,15578000.0,15375000.0,9017000.0
Revenue Growth,0.1041,0.0657,0.0431,0.0525,0.0703,-0.0408,0.0079,0.0132,0.7051,-0.2317
Cost of Revenue,0.0,0.0,0.0,0.0,0.0,0.0,0.0,0.0,0.0,0.0
Gross Profit,20825000.0,18861000.0,17698000.0,16967000.0,16120000.0,15061000.0,15701000.0,15578000.0,15375000.0,9017000.0
R&D Expenses,0.0,0.0,0.0,0.0,0.0,0.0,0.0,0.0,0.0,0.0
SG&A Expense,13209000.0,12400000.0,11695000.0,11494000.0,11159000.0,10804000.0,10746000.0,10894000.0,10301000.0,10807000.0
Operating Expenses,17324000.0,16444000.0,15943000.0,15657000.0,15361000.0,14778000.0,15070000.0,15784000.0,14604000.0,14506000.0
Operating Income,3501000.0,2417000.0,1755000.0,1310000.0,759000.0,283000.0,631000.0,-206000.0,771000.0,-5489000.0
Interest Expense,0.0,0.0,0.0,0.0,0.0,0.0,0.0,0.0,0.0,0.0
Earnings before Tax,3501000.0,2417000.0,1755000.0,1310000.0,759000.0,283000.0,630000.0,-206000.0,201000.0,-6065000.0
Income Tax Expense,1471000.0,994000.0,664000.0,413000.0,185000.0,21000.0,121000.0,43000.0,-3741000.0,55000.0
Net Income - Non-Controlling int,0.0,0.0,0.0,0.0,0.0,0.0,0.0,0.0,0.0,0.0
Net Income - Discontinued ops,0.0,0.0,0.0,0.0,0.0,0.0,0.0,0.0,0.0,0.0
Net Income,2030000.0,1423000.0,1091000.0,897000.0,574000.0,262000.0,509000.0,-249000.0,3942000.0,-6120000.0
Preferred Dividends,0.0,0.0,0.0,0.0,0.0,0.0,0.0,0.0,0.0,0.0
Net Income Com,2030000.0,1423000.0,1091000.0,897000.0,574000.0,262000.0,509000.0,-249000.0,3942000.0,-6120000.0
EPS,0.35,0.24,0.19,0.15,0.1,0.05,0.09,-0.04,0.68,-1.06
EPS Diluted,0.35,0.24,0.19,0.15,0.1,0.05,0.09,-0.04,0.68,-1.06
Weighted Average Shs Out,5820746.0,5820746.0,5820746.0,5819494.0,5815444.0,5811394.0,5807244.0,5798831.0,5783131.0,5767434.0
Weighted Average Shs Out (Dil),5820746.0,5820746.0,5820746.0,5819494.0,5815444.0,5811394.0,5807244.0,5798831.0,5783131.0,5767434.0
Dividend per Share,0.0,0.0,0.0,0.0,0.0,0.0,0.0,0.0,0.0,0.0
Gross Margin,1.0,1.0,1.0,1.0,1.0,1.0,1.0,1.0,1.0,1.0
EBITDA Margin,0.209,0.171,0.143,0.127,0.104,0.08,0.1,0.049,0.087,-0.549
EBIT Margin,0.1681,0.1281,0.0992,0.0772,0.0471,0.0188,0.0401,-0.0132,0.0131,-0.6726
Profit Margin,0.097,0.075,0.062,0.053,0.036,0.017,0.032,-0.016,0.256,-0.679
Free Cash Flow margin,0.2083,0.1751,0.4706,0.732,0.4308,0.7066,0.7968,0.937,0.4485,0.8634
EBITDA,4362000.0,3233000.0,2533000.0,2155000.0,1678000.0,1210000.0,1565000.0,768000.0,1338000.0,-4948000.0
EBIT,3501000.0,2417000.0,1755000.0,1310000.0,759000.0,283000.0,630000.0,-206000.0,201000.0,-6065000.0
Consolidated Income,2030000.0,1423000.0,1091000.0,897000.0,574000.0,262000.0,509000.0,-249000.0,3942000.0,-6120000.0
Earnings Before Tax Margin,0.1681,0.1281,0.0992,0.0772,0.0471,0.0188,0.0401,-0.0132,0.0131,-0.6726
Net Profit Margin,0.0975,0.0754,0.0616,0.0529,0.0356,0.0174,0.0324,-0.016,0.2564,-0.6787
