Date,2018-12-31,2017-12-31,2016-12-31,2015-12-31,2014-12-31,2013-12-31,2012-12-31,2011-12-31,2010-12-31,2009-12-31
Revenue,10834000.0,13284000.0,23587000.0,23587000.0,34238000.0,0.0,0.0,10146000.0,11106000.0,6845000.0
Revenue Growth,-0.184432399879554,-0.436808411413067,0,-0.311087096208891,0.0,0.0,-1,-0.0864397622906537,0.622498173849525,-0.3459
Cost of Revenue,10652000.0,10657000.0,16284000.0,16284000.0,24180000.0,0.0,0.0,6297000.0,6181000.0,5032000.0
Gross Profit,3510000.0,2627000.0,7303000.0,7303000.0,10058000.0,0.0,0.0,3849000.0,4925000.0,1813000.0
R&D Expenses,1906000.0,1802000.0,2453000.0,2453000.0,2807000.0,0.0,0.0,240000.0,250000.0,251000.0
SG&A Expense,7927000.0,5887000.0,6253000.0,4723000.0,8237000.0,0.0,0.0,1366000.0,1844000.0,1240000.0
Operating Expenses,12597000.0,8615000.0,9824000.0,9824000.0,11894000.0,0.0,0.0,1956000.0,2094000.0,1491000.0
Operating Income,-9087000.0,-5988000.0,-2521000.0,-2521000.0,-1836000.0,0.0,0.0,1893000.0,2831000.0,322000.0
Interest Expense,0.0,0.0,0.0,610000.0,296000.0,0.0,0.0,0.0,300000.0,397000.0
Earnings before Tax,-10354000.0,-6307000.0,-3131000.0,-3131000.0,-1897000.0,0.0,0.0,1282000.0,1724000.0,-116000.0
Income Tax Expense,606000.0,-45000.0,-81000.0,-81000.0,242000.0,0.0,0.0,-77000.0,105000.0,4000.0
Net Income - Non-Controlling int,0.0,0.0,0.0,0.0,-235000.0,0.0,0.0,0.0,652000.0,4000.0
Net Income - Discontinued ops,0.0,0.0,0.0,0.0,0.0,0.0,0.0,0.0,150000.0,47000.0
Net Income,-2610000.0,-5807000.0,-2467000.0,-2467000.0,-2139000.0,0.0,0.0,1359000.0,1619000.0,-120000.0
Preferred Dividends,0.0,0.0,0.0,0.0,0.0,0.0,0.0,0.0,0.0,0.0
Net Income Com,-2610000.0,-5807000.0,-2467000.0,-2467000.0,-2139000.0,0.0,0.0,1359000.0,1619000.0,-120000.0
EPS,9166443.0,-0.76,-0.42,-0.42,-0.37,0.0,0.0,0.21,0.5,-0.04
EPS Diluted,9166443.0,-0.76,-0.42,-0.42,-0.37,0.0,0.0,0.21,0.5,
Weighted Average Shs Out,9166443.0,5966662.0,5861630.0,5861630.0,5831246.0,0.0,0.0,6483000.0,3241500.0,3241500.0
Weighted Average Shs Out (Dil),9166443.0,5966622.0,5861630.0,5861630.0,5834371.0,0.0,0.0,6483000.0,3241500.0,3241500.0
Dividend per Share,0.0,0.0,0.0,0.0,0.0,0.0,0.0,0.0,0.0,0.0
Gross Margin,0.323980062765,0.197756699789,0.30961970577,0.30961970577,0.2938,0.0,0.0,0.37936132466,0.4435,0.2649
EBITDA Margin,-0.707864131438,-0.355314664258,-0.0390893288676,-0.0390893288676,-0.007,0.0,0.0,0.19308101715,0.184,0.051
EBIT Margin,-0.838748384715,-0.450767841012,-0.106880908975,-0.106880908975,-0.0468,0.0,0.0,0.186575990538,0.1822,0.0411
Profit Margin,-0.2409082518,-0.43714242698,-0.104591512274,-0.104591512274,-0.062,0.0,0.0,0.133944411591,0.146,-0.018
Free Cash Flow margin,-0.494646483293,-0.358777476664,-0.114003476491,-0.114003476491,-0.0455,0.0,0.0,-0.220480977725,0.25,0.147
EBITDA,-7669000.0,-4720000.0,-922000.0,-922000.0,-224000.0,0.0,0.0,1959000.0,2047000.0,346000.0
EBIT,-9087000.0,-5988000.0,-2521000.0,-2521000.0,-1601000.0,0.0,0.0,1893000.0,2024000.0,281000.0
Consolidated Income,-2610000.0,-5807000.0,-2467000.0,-2467000.0,-2374000.0,0.0,0.0,1359000.0,2271000.0,-116000.0
Earnings Before Tax Margin,-0.955695034152,-0.474781692261,-0.132742612456,-0.132742612456,-0.0554,0.0,0.0,0.126355213877,0.1552,-0.0169
Net Profit Margin,-0.2409082518,-0.43714242698,-0.104591512274,-0.104591512274,-0.0625,0.0,0.0,0.133944411591,0.1458,-0.0175
