date,,2020-09-30_FY,2019-09-30_FY,2018-09-30_FY,2017-09-30_FY,2016-09-30_FY,2015-09-30_FY,2014-09-30_FY,2013-09-30_FY,2012-09-30_FY,2011-09-30_FY,2010-09-30_FY,2009-09-30_FY,2008-09-30_FY,2007-09-30_FY,2006-09-30_FY,2005-09-30_FY,2004-09-30_FY,2003-09-30_FY,2002-09-30_FY,2001-09-30_FY,2000-09-30_FY,1999-09-30_FY,1998-09-30_FY,1997-09-30_FY,1996-09-30_FY,1995-09-30_FY,1994-09-30_FY,1993-09-30_FY,1992-09-30_FY,1991-09-30_FY,1990-09-30_FY,1989-09-30_FY,1988-09-30_FY
,revenue,101310000.0,84590000.0,63559000.0,45390000.0,34701000.0,25367496.0,19150345.0,14803185.0,9092683.0,10265975.0,5118901.0,3618615.0,5229448.0,5569940.0,6021106.0,6593845.0,5240312.0,11594063.0,13083183.0,9274188.0,9347940.0,9700000.0,6500000.0,4800000.0,8200000.0,6600000.0,10200000.0,13100000.0,18500000.0,27000000.0,23100000.0,18100000.0,10500000.0
,costOfRevenue,13192000.0,12266000.0,8686000.0,4041000.0,3395000.0,2471198.0,2147925.0,1603599.0,1263920.0,1171734.0,950145.0,669357.0,993549.0,633708.0,1247546.0,1129694.0,1979890.0,6235694.0,3751287.0,2536685.0,2963547.0,1800000.0,1900000.0,1500000.0,2400000.0,2900000.0,5900000.0,8500000.0,11900000.0,16200000.0,14000000.0,12400000.0,7400000.0
,grossProfit,88118000.0,72324000.0,54873000.0,41349000.0,31306000.0,22896298.0,17002420.0,13199586.0,7828763.0,9094241.0,4168756.0,2949258.0,4235899.0,4936232.0,4773560.0,5464151.0,3260422.0,5358369.0,9331896.0,6737503.0,6384393.0,7900000.0,4600000.0,3300000.0,5800000.0,3700000.0,4300000.0,4600000.0,6600000.0,10800000.0,9100000.0,5700000.0,3100000.0
,grossProfitRatio,0.869785805942158,0.854994680222248,0.863339574253843,0.910971579643093,0.902164202760727,0.902584078460089,0.887838835279469,0.891672028688421,0.860995923865376,0.885862375468477,0.814384962709769,0.815023980169208,0.810008819286472,0.886227140687332,0.792804511330643,0.828674468386806,0.622180893046063,0.462164902847259,0.713274132143531,0.726479018971796,0.682973254000347,0.814432989690722,0.707692307692308,0.6875,0.707317073170732,0.560606060606061,0.42156862745098,0.351145038167939,0.356756756756757,0.4,0.393939393939394,0.314917127071823,0.295238095238095
,,,,,,,,,,,,,,,,,,,,,,,,,,,,,,,,,,,,,,,,,,,,,,,,,,,,,,,,,,,,,,,,,,,,,,,,,,,,,,,,,,,,,,,,,,,,,,,,,,,,,
COST And EXPENSES,,,,,,,,,,,,,,,,,,,,,,,,,,,,,,,,,,,,,,,,,,,,,,,,,,,,,,,,,,,,,,,,,,,,,,,,,,,,,,,,,,,,,,,,,,,,,,,,,,,,,
,ResearchAndDevelopmentExpenses,22859000.0,19018000.0,15673000.0,10430000.0,7794000.0,5576806.0,6019573.0,6793412.0,6664030.0,2996109.0,2002399.0,1901327.0,1801633.0,1901215.0,1348721.0,1507510.0,2204101.0,2241804.0,2048676.0,1829749.0,2253124.0,1400000.0,1300000.0,4900000.0,1200000.0,1000000.0,1000000.0,0.0,0.0,0.0,0.0,0.0,0.0
,GeneralAndAdministrativeExpenses,22284000.0,19861000.0,17067000.0,11310000.0,8575000.0,7601857.0,9554381.0,7853264.0,5595843.0,3431023.0,1620357.0,1510506.0,3188566.0,3422455.0,3743448.0,4163108.0,5798540.0,5616435.0,6895755.0,5205886.0,5159254.0,4200000.0,3300000.0,0.0,2700000.0,2500000.0,0.0,0.0,0.0,0.0,0.0,0.0,0.0
,SellingAndMarketingExpenses,27646000.0,27405000.0,21700000.0,14484000.0,10937000.0,6457854.0,6836292.0,5852448.0,3450054.0,2410711.0,929685.0,857088.0,0.0,0.0,0.0,0.0,0.0,0.0,0.0,0.0,0.0,0.0,0.0,0.0,0.0,0.0,0.0,0.0,0.0,0.0,0.0,0.0,0.0
,otherExpenses,541000.0,602000.0,-935000.0,402000.0,134000.0,0.0,0.0,0.0,0.0,0.0,0.0,0.0,0.0,0.0,0.0,0.0,0.0,0.0,0.0,0.0,0.0,0.0,0.0,0.0,0.0,0.0,0.0,0.0,0.0,0.0,0.0,0.0,0.0
,operatingExpenses,72789000.0,66284000.0,54440000.0,36224000.0,27306000.0,19636517.0,22410246.0,20499124.0,15709927.0,8837843.0,4552441.0,4268921.0,4990199.0,5323670.0,5092169.0,5670618.0,6732286.0,7858239.0,8944431.0,7035635.0,7843570.0,5900000.0,5100000.0,5600000.0,4300000.0,3900000.0,0.0,0.0,0.0,0.0,0.0,0.0,0.0
,costAndExpenses,85981000.0,78550000.0,63126000.0,40265000.0,30701000.0,22107715.0,24558171.0,22102723.0,16973847.0,10009577.0,5502586.0,4938278.0,5983748.0,5957378.0,6339715.0,6800312.0,8712176.0,14093933.0,12695718.0,9572320.0,10807117.0,7700000.0,7000000.0,7100000.0,6700000.0,6800000.0,11400000.0,13800000.0,18100000.0,25000000.0,21800000.0,17100000.0,10800000.0
,interestExpense,0.0,0.0,0.0,0.0,0.0,3299.0,6445.0,6862.0,239984.0,427547.0,298124.0,5572.0,0.0,0.0,0.0,0.0,0.0,0.0,0.0,0.0,0.0,0.0,0.0,0.0,0.0,0.0,0.0,0.0,0.0,0.0,0.0,0.0,0.0
,,,,,,,,,,,,,,,,,,,,,,,,,,,,,,,,,,,,,,,,,,,,,,,,,,,,,,,,,,,,,,,,,,,,,,,,,,,,,,,,,,,,,,,,,,,,,,,,,,,,,
EBITDA,,,,,,,,,,,,,,,,,,,,,,,,,,,,,,,,,,,,,,,,,,,,,,,,,,,,,,,,,,,,,,,,,,,,,,,,,,,,,,,,,,,,,,,,,,,,,,,,,,,,,
,depreciationAndAmortization,7943000.0,8412000.0,4638000.0,913000.0,1388000.0,605725.0,470697.0,323383.0,231981.0,179291.0,172598.0,83631.0,36084.0,39343.0,469900.0,619258.0,537418.0,441931.0,634352.0,570167.0,431192.0,300000.0,500000.0,700000.0,400000.0,400000.0,800000.0,1100000.0,600000.0,900000.0,600000.0,300000.0,200000.0
,EBITDA,23272000.0,14452000.0,5071000.0,6038000.0,5388000.0,3865506.0,-4937129.0,-6976155.0,-7649183.0,435689.0,-211087.0,-1236032.0,-718216.0,-348095.0,151291.0,412791.0,-2934446.0,-2057939.0,1021817.0,272035.0,-1027985.0,2300000.0,0.0,-1600000.0,1900000.0,200000.0,-400000.0,400000.0,1000000.0,2900000.0,1900000.0,1300000.0,-100000.0
,EBITDARatio,0.229710788668443,0.17084761792174,0.0797841375729637,0.133024895351399,0.155269300596525,0.152380274347929,-0.257808880205552,-0.471260407810887,-0.841245977672377,0.0424400994547522,-0.0412367810981302,-0.34157598970877,-0.137340690642684,-0.0624952872023756,0.0251267790336194,0.0626024724572689,-0.559975436577059,-0.1774993805019,0.0781015598421271,0.0293324871136966,-0.109969148282937,0.237113402061856,0.0,-0.333333333333333,0.231707317073171,0.0303030303030303,-0.0392156862745098,0.0305343511450382,0.0540540540540541,0.107407407407407,0.0822510822510823,0.0718232044198895,-0.00952380952380952
,,,,,,,,,,,,,,,,,,,,,,,,,,,,,,,,,,,,,,,,,,,,,,,,,,,,,,,,,,,,,,,,,,,,,,,,,,,,,,,,,,,,,,,,,,,,,,,,,,,,,
INCOME,,,,,,,,,,,,,,,,,,,,,,,,,,,,,,,,,,,,,,,,,,,,,,,,,,,,,,,,,,,,,,,,,,,,,,,,,,,,,,,,,,,,,,,,,,,,,,,,,,,,,
,operatingIncome,15329000.0,6040000.0,433000.0,5125000.0,4000000.0,3259781.0,-5407826.0,-7299538.0,-7881164.0,256398.0,-383685.0,-1319663.0,-754300.0,-387438.0,-318609.0,-206467.0,-3471864.0,-2499870.0,387465.0,-298132.0,-1459177.0,2000000.0,-500000.0,-2300000.0,1500000.0,-200000.0,-1200000.0,-700000.0,400000.0,2000000.0,1300000.0,1000000.0,-300000.0
,operatingIncomeRatio,0.151307866943046,0.0714032391535643,0.00681256785034377,0.112910332672395,0.115270453301058,0.128502277087183,-0.282387915204661,-0.493105909302626,-0.866758909334022,0.0249755137724376,-0.0749545654428558,-0.364687318214289,-0.144240845305279,-0.0695587385142389,-0.0529153613970589,-0.0313120796743023,-0.66253001729668,-0.215616389181256,0.0296154995309628,-0.0321464261884706,-0.156096102456798,0.206185567010309,-0.0769230769230769,-0.479166666666667,0.182926829268293,-0.0303030303030303,-0.117647058823529,-0.0534351145038168,0.0216216216216216,0.0740740740740741,0.0562770562770563,0.0552486187845304,-0.0285714285714286
,totalOtherIncomeExpensesNet,-5920000.0,-10028000.0,-9174000.0,-1954000.0,-2042000.0,-1368100.0,0.0,0.0,0.0,0.0,0.0,0.0,0.0,0.0,0.0,-81993.0,1222355.0,18334.0,9341.0,-43292.0,0.0,0.0,-900000.0,-300000.0,0.0,200000.0,0.0,0.0,0.0,0.0,0.0,0.0,0.0
,incomeBeforeTax,9409000.0,-3988000.0,-8741000.0,3171000.0,1958000.0,1983119.0,-5289643.0,-7274630.0,-7844004.0,-122565.0,-680015.0,-1320164.0,-745964.0,-382998.0,-716526.0,-1028070.0,-38844158.0,-2481536.0,396806.0,-341424.0,0.0,0.0,0.0,0.0,1300000.0,0.0,-1300000.0,0.0,0.0,1300000.0,700000.0,0.0,0.0
,incomeBeforeTaxRatio,0.0928733589971375,-0.0471450526066911,-0.137525763463868,0.0698612029081295,0.0564248868908677,0.078175591315753,-0.276216590353855,-0.49142329843206,-0.862672106791802,-0.0119389536795093,-0.132843944432604,-0.364825768975147,-0.142646795608255,-0.0687616024589134,-0.119002389262039,-0.155913583046007,-7.41256589302316,-0.214035062600574,0.0303294695182357,-0.0368144359376799,0.0,0.0,0.0,0.0,0.158536585365854,0.0,-0.127450980392157,0.0,0.0,0.0481481481481481,0.0303030303030303,0.0,0.0
,incomeTaxExpense,1595000.0,-3264000.0,3066000.0,-10921000.0,-1000.0,-543020.0,2226.0,1076.0,-4008.0,2492.0,2338.0,1800.0,2800.0,800.0,800.0,-714.0,2168.0,10654.0,0.0,0.0,0.0,0.0,0.0,0.0,100000.0,0.0,-200000.0,0.0,0.0,400000.0,100000.0,0.0,0.0
,netIncome,7814000.0,-724000.0,-11807000.0,14092000.0,1959000.0,2526139.0,-5291869.0,-7275706.0,-7839996.0,-125057.0,-682353.0,-1321964.0,-748764.0,-383798.0,-717326.0,-1027356.0,-3846326.0,-2492190.0,396806.0,-341424.0,-1433615.0,2000000.0,-1500000.0,-2600000.0,1200000.0,-100000.0,-1100000.0,-900000.0,0.0,900000.0,600000.0,400000.0,-700000.0
,netIncomeRatio,0.0771296022110354,-0.00855893131575836,-0.185764407873,0.310464860101344,0.056453704504193,0.0995817245817246,-0.276332828468626,-0.491495985492311,-0.862231312803933,-0.0121816973059062,-0.133300683095844,-0.365323196858467,-0.14318222496906,-0.0689052305769901,-0.119135255217231,-0.155805300245911,-0.733987976288435,-0.214953981188476,0.0303294695182357,-0.0368144359376799,-0.153361596244734,0.206185567010309,-0.230769230769231,-0.541666666666667,0.146341463414634,-0.0151515151515152,-0.107843137254902,-0.0687022900763359,0.0,0.0333333333333333,0.025974025974026,0.0220994475138122,-0.0666666666666667
,,,,,,,,,,,,,,,,,,,,,,,,,,,,,,,,,,,,,,,,,,,,,,,,,,,,,,,,,,,,,,,,,,,,,,,,,,,,,,,,,,,,,,,,,,,,,,,,,,,,,
EPS,,,,,,,,,,,,,,,,,,,,,,,,,,,,,,,,,,,,,,,,,,,,,,,,,,,,,,,,,,,,,,,,,,,,,,,,,,,,,,,,,,,,,,,,,,,,,,,,,,,,,
,EPS,0.19,-0.02,-0.33,0.43,0.062020098120924,0.0820434502367599,-0.17,-0.26,-0.31,-0.01,-0.04,-0.08,-0.04,-0.02,-0.05,-0.08,-0.34,-0.22,0.0356427504253846,-0.03,-0.13,0.2,-0.13,-0.25,0.15,-0.01,-0.15,-0.13,0.01,0.13,0.09,0.06,-0.21
,EPSDiluted,0.18,-0.02,-0.33,0.4,0.0579268726310489,0.080245224297997,-0.17,-0.26,-0.31,-0.01,-0.04,-0.08,-0.04,-0.02,-0.05,-0.08,-0.34,-0.22,0.0350313666361118,-0.03,-0.13,0.19,-0.13,-0.25,0.15,-0.01,-0.15,-0.13,0.01,0.13,0.09,0.06,-0.21
,weightedAverageShsOut,41410000.0,39341000.0,35811000.0,33082999.0,31586535.0,30790258.0,30466063.0,27492670.0,25124179.0,21506508.0,16946263.0,16751137.0,16751137.0,16750592.0,15905157.0,12569617.0,11353171.0,11154489.0,11132867.0,11120120.0,10856762.0,10359458.0,11564239.0,10400000.0,8000000.0,10000000.0,7333333.0,6923077.0,7500000.0,3595000.0,3468000.0,10000000.0,3333333.0
,weightedAverageShsOutDil,41410000.0,39341000.0,35811000.0,35537218.0,33818501.0,31480241.0,30466063.0,27492670.0,25124179.0,21506508.0,16946263.0,16751137.0,16751137.0,16750592.0,15905157.0,12569617.0,11353171.0,11154489.0,11327163.0,11120120.0,10856762.0,10755277.0,11564239.0,10400000.0,8000000.0,10000000.0,7333333.0,6923077.0,7500000.0,3595000.0,3468000.0,10000000.0,3333333.0
