Date,2018-12-31,2017-12-31,2016-12-31,2015-12-31,2014-12-31,2013-12-31,2012-12-31,2011-12-31,2010-12-31,2009-12-31
Revenue,6841285000.0,6061659000.0,5612026000.0,5369983000.0,5133667000.0,4323083000.0,3000112000.0,2629950000.0,2225393000.0,2069326000.0
Revenue Growth,0.128615944908811,0.0801195504083552,0.0450733270477765,0.0460325922970851,0.18750137344113,0.440973870308842,0.140748683435046,0.181791261139044,0.075419242787265,0.0469
Cost of Revenue,3135843000.0,2946519000.0,2119277000.0,2007692000.0,2260094000.0,1871496000.0,1187580000.0,1234277000.0,963053000.0,992863000.0
Gross Profit,3705442000.0,3115140000.0,3492749000.0,3362291000.0,2873573000.0,2451587000.0,1812532000.0,1395673000.0,1262340000.0,1076463000.0
R&D Expenses,0.0,0.0,0.0,0.0,0.0,0.0,0.0,0.0,0.0,0.0
SG&A Expense,768208000.0,693061000.0,716369000.0,710116000.0,805966000.0,765257000.0,501363000.0,330725000.0,0.0,736660000.0
Operating Expenses,3665683000.0,2895394000.0,2688833000.0,2501885000.0,2315753000.0,1975840000.0,1407720000.0,1119225000.0,893166000.0,823857000.0
Operating Income,39759000.0,219746000.0,803916000.0,860406000.0,557820000.0,475747000.0,404812000.0,276448000.0,369174000.0,252606000.0
Interest Expense,154212000.0,132451000.0,129896000.0,118301000.0,117442000.0,114004000.0,92762000.0,86252000.0,73663000.0,53969000.0
Earnings before Tax,-7855000.0,87295000.0,629920000.0,742105000.0,440378000.0,361743000.0,312050000.0,190196000.0,431685000.0,197856000.0
Income Tax Expense,122498000.0,-313463000.0,169477000.0,152963000.0,116690000.0,77898000.0,53802000.0,41710000.0,27782000.0,-3782000.0
Net Income - Non-Controlling int,0.0,0.0,0.0,0.0,0.0,0.0,0.0,0.0,0.0,781000.0
Net Income - Discontinued ops,0.0,0.0,0.0,0.0,0.0,0.0,0.0,0.0,0.0,0.0
Net Income,-128180000.0,395269000.0,455689000.0,582772000.0,321182000.0,281021000.0,253385000.0,142026000.0,266793000.0,201638000.0
Preferred Dividends,0.0,0.0,0.0,0.0,0.0,0.0,0.0,0.0,0.0,0.0
Net Income Com,-128180000.0,395269000.0,455689000.0,582772000.0,321182000.0,281021000.0,253385000.0,142026000.0,266793000.0,201638000.0
EPS,-9.55,25.89,31.41,41.99,22.38,22.57,25.96,14.66,27.31,20.54
EPS Diluted,-9.55,25.81,31.27,41.74,22.27,22.48,25.89,14.6,27.27,20.52
Weighted Average Shs Out,13923000.0,13964000.0,14013000.0,13978000.0,13984000.0,12538000.0,9640000.0,9686000.0,0.0,9816300.0
Weighted Average Shs Out (Dil),13923000.0,14006000.0,14078000.0,14061000.0,14057000.0,12586000.0,9666000.0,9726000.0,0.0,9816300.0
Dividend per Share,0.658191481721,0.563972583179,0.422574229294,0.447123248702,0.373123710607,0.407119021135,0.794951375957,0.0,0.0,0.0
Gross Margin,0.541629533048,0.513908816052,0.622368641913,0.626126935597,0.559750564265,0.567092281134,0.604154778222,0.530684233541,0.567243628429,0.5202
EBITDA Margin,0.0391161894293,0.069884663588,0.177843616548,0.197652953464,0.148315034847,0.154013466778,0.164039875845,0.131949276602,0.165891597574,0.137
EBIT Margin,0.00581162749396,0.036251791795,0.14324880177,0.160225088236,0.10865917092,0.11004808374,0.134932295861,0.105115306375,0.165891597574,0.1217
Profit Margin,-0.0187362461877,0.0652080560784,0.0811986615885,0.108523993465,0.0625638554273,0.0650047662744,0.0844585135488,0.0540033080477,0.119885790959,0.097
Free Cash Flow margin,0.114929285946,0.12931723807,0.0839178221911,0.106405551005,0.123627029178,0.161411659226,0.115667015098,0.0955098005666,0.0,0.1259
EBITDA,267605000.0,423617000.0,998063000.0,1061393000.0,761400000.0,665813000.0,492138000.0,347020000.0,369174000.0,282997000.0
EBIT,39759000.0,219746000.0,803916000.0,860406000.0,557820000.0,475747000.0,404812000.0,276448000.0,369174000.0,251825000.0
Consolidated Income,-128180000.0,395269000.0,455689000.0,582772000.0,321182000.0,281021000.0,253385000.0,142026000.0,266793000.0,202419000.0
Earnings Before Tax Margin,-0.00114817611019,0.0144011730122,0.112244668859,0.138195037117,0.0857823462254,0.0836770887813,0.104012783523,0.072319245613,0.193981467543,0.0956
Net Profit Margin,-0.0187362461877,0.0652080560784,0.0811986615885,0.108523993465,0.0625638554273,0.0650047662744,0.0844585135488,0.0540033080477,0.119885790959,0.0974
