date,,2020-12-26_FY,2019-12-28_FY,2018-12-29_FY,2017-12-30_FY,2016-12-31_FY,2016-02-24_FY,2015-12-26_FY,2014-12-27_FY,2013-12-28_FY,2012-12-29_FY,2011-12-31_FY,2010-12-25_FY,2009-12-26_FY,2008-12-27_FY,2007-12-29_FY,2006-12-30_FY,2005-12-31_FY,2004-12-25_FY,2003-12-27_FY,2002-12-28_FY,2001-12-29_FY,2000-12-30_FY,1999-12-25_FY,1998-12-26_FY,1997-12-27_FY,1996-12-28_FY,1995-12-30_FY,1994-12-31_FY,1993-12-31_FY,1992-12-31_FY,1991-12-31_FY,1990-12-31_FY
,revenue,1542456000.0,2430616000.0,2507878000.0,2266073000.0,2055622000.0,2100002000.0,2100002000.0,2364200000.0,2158500000.0,2189900000.0,2417797000.0,2059800000.0,1547200000.0,2558400000.0,2697800000.0,2510900000.0,1729923000.0,1379100000.0,999100000.0,953000000.0,1044800000.0,1206200000.0,1168700000.0,929400000.0,889000000.0,718300000.0,678800000.0,550000000.0,501900000.0,517300000.0,441400000.0,505400000.0
,costOfRevenue,1313980000.0,2038539000.0,2154633000.0,1934440000.0,1723499000.0,1809702000.0,1809993000.0,2042900000.0,1861800000.0,1904500000.0,2115677000.0,1774800000.0,1327000000.0,2233100000.0,2324900000.0,2109400000.0,1430075000.0,1115600000.0,815800000.0,744800000.0,806000000.0,925300000.0,886500000.0,720300000.0,704800000.0,554600000.0,549900000.0,448500000.0,403800000.0,429700000.0,388900000.0,456300000.0
,grossProfit,228476000.0,392077000.0,353245000.0,331633000.0,332123000.0,290300000.0,290009000.0,321300000.0,296700000.0,285400000.0,302120000.0,285000000.0,220200000.0,325300000.0,372900000.0,401500000.0,299848000.0,263400000.0,183200000.0,208200000.0,238800000.0,280900000.0,282200000.0,209100000.0,184200000.0,163700000.0,129000000.0,101500000.0,98100000.0,87600000.0,52500000.0,49100000.0
,grossProfitRatio,0.14812480874657,0.161307668508724,0.140854140432669,0.146347006473313,0.161568128770756,0.138237963582892,0.138099392286293,0.135902207935031,0.137456567060459,0.13032558564318,0.124956727136315,0.138362947859015,0.142321613236815,0.127149781113196,0.138223737860479,0.159902823688717,0.173330258051948,0.190994126604307,0.183365028525673,0.218467995802728,0.228560490045942,0.232880119383187,0.241464875502695,0.224983860555197,0.207199100112486,0.227899206459696,0.190041249263406,0.184545454545455,0.195457262402869,0.169340808041755,0.118939737199819,0.0971507716660071
,,,,,,,,,,,,,,,,,,,,,,,,,,,,,,,,,,,,,,,,,,,,,,,,,,,,,,,,,,,,,,,,,,,,,,,,,,,,,,,,,,,,,,,,,,,,,,,,,,,,,
COST And EXPENSES,,,,,,,,,,,,,,,,,,,,,,,,,,,,,,,,,,,,,,,,,,,,,,,,,,,,,,,,,,,,,,,,,,,,,,,,,,,,,,,,,,,,,,,,,,,,,,,,,,,,,
,ResearchAndDevelopmentExpenses,0.0,0.0,0.0,0.0,0.0,0.0,0.0,0.0,0.0,0.0,0.0,0.0,0.0,0.0,0.0,0.0,0.0,0.0,0.0,0.0,0.0,0.0,0.0,0.0,0.0,0.0,0.0,0.0,0.0,0.0,0.0,0.0
,GeneralAndAdministrativeExpenses,75170000.0,161873000.0,145207000.0,140730000.0,137499000.0,130358000.0,130358000.0,131700000.0,134900000.0,129500000.0,0.0,131200000.0,116700000.0,136900000.0,143300000.0,141000000.0,0.0,106400000.0,94900000.0,85000000.0,87700000.0,94800000.0,97300000.0,75400000.0,63500000.0,54800000.0,49500000.0,44900000.0,0.0,0.0,0.0,0.0
,SellingAndMarketingExpenses,0.0,0.0,0.0,0.0,0.0,0.0,0.0,0.0,0.0,0.0,0.0,0.0,0.0,0.0,0.0,0.0,0.0,0.0,0.0,0.0,0.0,0.0,0.0,0.0,0.0,0.0,0.0,0.0,0.0,0.0,0.0,0.0
,otherExpenses,0.0,0.0,0.0,0.0,798000.0,2188000.0,0.0,-243000.0,0.0,539000.0,0.0,-2650000.0,0.0,0.0,0.0,0.0,0.0,0.0,0.0,0.0,0.0,0.0,0.0,0.0,0.0,0.0,0.0,0.0,0.0,0.0,0.0,0.0
,operatingExpenses,75170000.0,200674000.0,180276000.0,180826000.0,173911000.0,130358000.0,152741000.0,167300000.0,25800000.0,158700000.0,172818000.0,148900000.0,187900000.0,177700000.0,181300000.0,182600000.0,168090000.0,151000000.0,133900000.0,122400000.0,129700000.0,132200000.0,134300000.0,100300000.0,84500000.0,73300000.0,64900000.0,57600000.0,0.0,0.0,0.0,0.0
,costAndExpenses,1389150000.0,2239213000.0,2334909000.0,2115266000.0,1897410000.0,1940060000.0,1962734000.0,2210200000.0,1887600000.0,2063200000.0,2288495000.0,1923700000.0,1514900000.0,2410800000.0,2506200000.0,2292000000.0,1598165000.0,1266600000.0,949700000.0,867200000.0,935700000.0,1057500000.0,1020800000.0,820600000.0,789300000.0,627900000.0,614800000.0,506100000.0,463900000.0,488000000.0,443100000.0,509800000.0
,interestExpense,0.0,25683000.0,25199000.0,19502000.0,7387000.0,0.0,-6638000.0,5740000.0,3990000.0,6890000.0,11553000.0,11647000.0,9963000.0,19050000.0,-11400000.0,-14200000.0,0.0,-3700000.0,700000.0,1500000.0,1600000.0,-900000.0,-5100000.0,-900000.0,-1700000.0,-2400000.0,-1900000.0,0.0,0.0,0.0,0.0,0.0
,,,,,,,,,,,,,,,,,,,,,,,,,,,,,,,,,,,,,,,,,,,,,,,,,,,,,,,,,,,,,,,,,,,,,,,,,,,,,,,,,,,,,,,,,,,,,,,,,,,,,
EBITDA,,,,,,,,,,,,,,,,,,,,,,,,,,,,,,,,,,,,,,,,,,,,,,,,,,,,,,,,,,,,,,,,,,,,,,,,,,,,,,,,,,,,,,,,,,,,,,,,,,,,,
,depreciationAndAmortization,44843000.0,42693000.0,39555000.0,33944000.0,35133000.0,34608000.0,34608000.0,33700000.0,32300000.0,31500000.0,36865000.0,40400000.0,41600000.0,44400000.0,44100000.0,41900000.0,40696000.0,40600000.0,38900000.0,37500000.0,42100000.0,37500000.0,37000000.0,24900000.0,21000000.0,18500000.0,15500000.0,12700000.0,14200000.0,12500000.0,13300000.0,13300000.0
,EBITDA,176722000.0,234096000.0,212524000.0,184751000.0,193345000.0,171876000.0,171876000.0,187700000.0,303200000.0,158200000.0,166167000.0,176500000.0,73900000.0,192100000.0,235700000.0,260800000.0,172454000.0,153100000.0,88300000.0,123300000.0,151200000.0,186100000.0,184900000.0,133700000.0,120700000.0,109000000.0,79500000.0,56600000.0,52200000.0,41800000.0,11600000.0,8900000.0
,EBITDARatio,0.114571825711722,0.0963113877305177,0.0847425592472999,0.0815291475605596,0.0940566894107963,0.0818456363374892,0.0818456363374892,0.079392606378479,0.140467917535325,0.0722407415863738,0.0687266135246259,0.0856879308670745,0.0477637021716649,0.0750859912445278,0.0873674846170954,0.103867139272771,0.0996888300808764,0.111014429700529,0.0883795415874287,0.129380902413431,0.144716692189893,0.154286188028519,0.158209976897407,0.143856251344954,0.135770528683915,0.151747180843659,0.117118444313494,0.102909090909091,0.10400478182905,0.0808041755267736,0.0262800181241504,0.017609814008706
,,,,,,,,,,,,,,,,,,,,,,,,,,,,,,,,,,,,,,,,,,,,,,,,,,,,,,,,,,,,,,,,,,,,,,,,,,,,,,,,,,,,,,,,,,,,,,,,,,,,,
INCOME,,,,,,,,,,,,,,,,,,,,,,,,,,,,,,,,,,,,,,,,,,,,,,,,,,,,,,,,,,,,,,,,,,,,,,,,,,,,,,,,,,,,,,,,,,,,,,,,,,,,,
,operatingIncome,131879000.0,191403000.0,172969000.0,150807000.0,158212000.0,137268000.0,137268000.0,154000000.0,270900000.0,126700000.0,129302000.0,136100000.0,32300000.0,147700000.0,191600000.0,218900000.0,131758000.0,112500000.0,49400000.0,85800000.0,109100000.0,148600000.0,147900000.0,108800000.0,99700000.0,90500000.0,64000000.0,43900000.0,38000000.0,29300000.0,-1700000.0,-4400000.0
,operatingIncomeRatio,0.08549935946309,0.0787467045390963,0.0689702609138084,0.0665499302096623,0.0769655121418237,0.0653656520327123,0.0653656520327123,0.0651383131714745,0.12550382209868,0.05785652312891,0.0534792623202031,0.0660743761530246,0.0208764219234747,0.0577313946216385,0.071020831788865,0.0871798956549444,0.0761640836037211,0.0815749401783772,0.049444500050045,0.0900314795383001,0.104421898928025,0.12319681644835,0.126550868486352,0.11706477297181,0.11214848143982,0.125991925379368,0.09428403064231,0.0798181818181818,0.075712293285515,0.0566402474386236,-0.00385138196647032,-0.00870597546497823
,totalOtherIncomeExpensesNet,0.0,-359000.0,2023000.0,-5017000.0,-5980000.0,2188000.0,1159000.0,-800000.0,500000.0,-300000.0,12412000.0,-2700000.0,300000.0,-14400000.0,600000.0,1500000.0,11997000.0,800000.0,1700000.0,700000.0,-2900000.0,-1300000.0,1000000.0,-700000.0,-900000.0,-600000.0,600000.0,3600000.0,1200000.0,700000.0,-42000000.0,75100000.0
,incomeBeforeTax,0.0,166083000.0,150417000.0,126972000.0,146030000.0,131789000.0,131789000.0,148000000.0,271400000.0,120400000.0,130161000.0,121900000.0,23100000.0,119100000.0,183300000.0,203600000.0,124205000.0,115400000.0,51400000.0,88500000.0,108000000.0,146900000.0,145700000.0,109300000.0,100800000.0,88400000.0,64500000.0,40800000.0,33400000.0,24300000.0,-49700000.0,65900000.0
,incomeBeforeTaxRatio,0.0,0.0683295921692279,0.0599777979630588,0.0560317341939117,0.0710393253234301,0.0627566068984696,0.0627566068984696,0.0626004568141443,0.1257354644429,0.0549796794374172,0.0538345444220503,0.0591805029614526,0.014930196483971,0.0465525328330206,0.0679442508710801,0.0810864630212274,0.07179799332109,0.0836777608585309,0.0514463016715044,0.0928646379853095,0.103369065849923,0.121787431603383,0.124668435013263,0.117602754465246,0.113385826771654,0.123068355840178,0.095020624631703,0.0741818181818182,0.0665471209404264,0.0469746762033636,-0.112596284549162,0.130391768895924
,incomeTaxExpense,0.0,35257000.0,30952000.0,37884000.0,48137000.0,-43382000.0,43382000.0,45479000.0,98109000.0,36681000.0,43075000.0,34315000.0,-17792000.0,-38332000.0,67800000.0,54700000.0,34987000.0,35900000.0,7200000.0,17300000.0,41000000.0,54200000.0,46400000.0,33900000.0,31100000.0,27200000.0,19700000.0,12900000.0,12300000.0,8100000.0,-6000000.0,1100000.0
,netIncome,0.0,100972000.0,104459000.0,85598000.0,99727000.0,175171000.0,87864000.0,101600000.0,172600000.0,82400000.0,86321000.0,86200000.0,4700000.0,80800000.0,115500000.0,148900000.0,92542000.0,79400000.0,45400000.0,78000000.0,67000000.0,92700000.0,99300000.0,75400000.0,69800000.0,61200000.0,44800000.0,27900000.0,21100000.0,16600000.0,-43700000.0,56700000.0
,netIncomeRatio,0.0,0.0415417326307405,0.0416523451300263,0.0377737169102672,0.0485142696468514,0.0834146824622072,0.0418399601524189,0.042974367650791,0.0799629372249247,0.0376272889173022,0.0357023356385999,0.0418487231770075,0.00303774560496381,0.0315822388993121,0.0428126621691749,0.0593014456967621,0.0534948665345221,0.0575737800014502,0.0454408968071264,0.0818467995802728,0.0641271056661562,0.0768529265461781,0.0849662017626422,0.0811276092102432,0.0785151856017998,0.0852011694278157,0.065998821449617,0.0507272727272727,0.0420402470611676,0.0320896965010632,-0.0990031717263253,0.11218836565097
,,,,,,,,,,,,,,,,,,,,,,,,,,,,,,,,,,,,,,,,,,,,,,,,,,,,,,,,,,,,,,,,,,,,,,,,,,,,,,,,,,,,,,,,,,,,,,,,,,,,,
EPS,,,,,,,,,,,,,,,,,,,,,,,,,,,,,,,,,,,,,,,,,,,,,,,,,,,,,,,,,,,,,,,,,,,,,,,,,,,,,,,,,,,,,,,,,,,,,,,,,,,,,
,EPS,0.0,1.79209,1.82401,1.48908,1.76,3.1105,1.54234,1.78873,3.05487,1.15245,1.14,1.14172,0.06283,1.08311,1.55242,1.99866,1.265,1.07588,0.61601,1.05263,0.89933,1.21654,1.25379,0.95082,0.88917,0.78462,0.58486,0.3525,0.255,0.21,-0.565,0.70875
,EPSDiluted,0.0,1.79209,1.82401,1.48908,1.74,3.1105,1.54234,1.78873,3.05487,1.15245,1.13,1.14172,0.06283,1.08311,1.55242,1.99866,1.245,1.07588,0.61601,1.05263,0.89933,1.21654,1.25379,0.95082,0.88917,0.78462,0.58486,0.3525,0.255,0.21,-0.565,0.70875
,weightedAverageShsOut,55805000.0,55771000.0,56858000.0,56891000.0,56572000.0,56316000.0,56968000.0,56042000.0,27871000.0,35332000.0,75670000.0,37672000.0,37336000.0,37123000.0,74400000.0,74500000.0,73180000.0,73800000.0,73700000.0,74100000.0,74500000.0,76200000.0,79200000.0,79300000.0,78500000.0,78000000.0,76600000.0,79120000.0,82745098.0,79047619.0,77345133.0,80000000.0
,weightedAverageShsOutDil,56339000.0,55771000.0,56858000.0,56891000.0,57169000.0,56316000.0,56968000.0,56042000.0,27871000.0,35332000.0,76392000.0,37672000.0,37336000.0,37123000.0,74400000.0,74500000.0,74206000.0,73800000.0,73700000.0,74100000.0,74500000.0,76200000.0,79200000.0,79300000.0,78500000.0,78000000.0,76600000.0,79120000.0,82745098.0,79047619.0,77345133.0,80000000.0
