Date,2018-12-31,2017-12-31,2016-12-31,2015-12-31,2014-12-31,2013-12-31,2012-12-31,2011-12-31,2010-12-31,2009-12-31
Revenue,96430000.0,33864000.0,18016000.0,27308570.0,15215934.0,7812966.0,0.0,,,
Revenue Growth,1.84756673753839,0.879662522202487,-0.340280358876353,0.794735045512158,0.947523386125064,0.0,0.0,0.0,0.0,
Cost of Revenue,41057000.0,0.0,0.0,0.0,0.0,0.0,0.0,,,
Gross Profit,55373000.0,0.0,0.0,0.0,0.0,0.0,0.0,0.0,0.0,0.0
R&D Expenses,55409000.0,49475000.0,81686000.0,93352367.0,62539108.0,41299695.0,16869078.0,,,
SG&A Expense,133312000.0,63325000.0,53538000.0,22871297.0,12076767.0,9433447.0,6068457.0,,,
Operating Expenses,254866000.0,112800000.0,135224000.0,116223664.0,74615875.0,50733142.0,22937535.0,20579388.0,18672667.0,16701048.0
Operating Income,-158436000.0,-78936000.0,-117208000.0,-88915094.0,-59399941.0,-42920176.0,-22937535.0,-20579388.0,-18672667.0,-16701048.0
Interest Expense,43179000.0,3608000.0,1228000.0,2206315.0,2383709.0,2132223.0,1396818.0,722454.0,1495398.0,1927337.0
Earnings before Tax,0.0,0.0,0.0,0.0,0.0,0.0,-24226789.0,,,
Income Tax Expense,-139000.0,-103000.0,0.0,0.0,0.0,0.0,0.0,,,
Net Income - Non-Controlling int,0.0,0.0,0.0,0.0,0.0,0.0,0.0,0.0,0.0,0.0
Net Income - Discontinued ops,0.0,0.0,0.0,0.0,0.0,0.0,0.0,0.0,0.0,0.0
Net Income,-157192000.0,-58916000.0,-117961000.0,-91112609.0,-61649270.0,-45034706.0,-24540377.0,,,
Preferred Dividends,0.0,0.0,0.0,0.0,0.0,0.0,0.0,3763061.0,3238263.0,2291433.0
Net Income Com,-157192000.0,-58916000.0,-117961000.0,-91112609.0,-61649270.0,-45034706.0,-24540377.0,,,
EPS,-17.12,-21.86,-2.34,-2.09,-1.81,-1.53,-1.23,,,
EPS Diluted,-17.12,-21.86,-2.34,-2.09,-1.81,-1.53,-1.23,,,
Weighted Average Shs Out,9181668.0,3576846.0,50313614.0,43565518.0,34130901.0,29449716.0,0.0,,,
Weighted Average Shs Out (Dil),9181668.0,3576846.0,50313614.0,43565518.0,34130901.0,29449716.0,0.0,87617.0,81955.0,81848.0
Dividend per Share,0.0,0.0,0.0,0.0,0.0,0.0,0.0,0.0,0.0,0.0
Gross Margin,0.574230011407,0.0,0.0,0.0,0.0,0.0,0.0,,,
EBITDA Margin,-1.46774862595,-2.3176529648,-6.49911190053,-3.23875647828,-3.84835212876,-5.40508866927,0.0,,,
EBIT Margin,-1.64301565903,-2.33097094259,-6.50577264654,-3.25594104708,-3.90379854434,-5.4934548544,0.0,,,
Profit Margin,-1.63011510941,-1.73978266005,-6.54756882771,-3.33641084099,-4.05162574969,-5.76409855105,0.0,,,
Free Cash Flow margin,-1.79648449653,-2.25747106071,-4.83398090586,-3.21856710183,-3.22974468738,-4.16935041059,0.0,,,
EBITDA,-141535000.0,-78485000.0,-117088000.0,-88445808.0,-58556272.0,-42229774.0,-22534732.0,,,
EBIT,-158436000.0,-78936000.0,-117208000.0,-88915094.0,-59399941.0,-42920176.0,-22937535.0,-20498325.0,-18179526.0,-16684477.0
Consolidated Income,-157192000.0,-58916000.0,-117961000.0,-91112609.0,-61649270.0,-45034706.0,-24540377.0,,,
Earnings Before Tax Margin,0.0,0.0,0.0,0.0,0.0,0.0,0.0,,,
Net Profit Margin,-1.63011510941,-1.73978266005,-6.54756882771,-3.33641084099,-4.05162574969,-5.76409855105,0.0,,,
