Date,2018-12-31,2017-12-31,2016-12-31,2015-12-31,2014-12-31,2013-12-31,2012-12-31,2011-12-31,2010-12-31,2009-12-31
Revenue,615101000.0,601119000.0,540966000.0,492776000.0,404170000.0,342663000.0,412659000.0,412659000.0,306897000.0,237567000.0
Revenue Growth,0.0232599535200185,0.111195527999911,0.0977929119924672,0.21922953212757,0.179497056875122,-0.169621891198302,0,0.344617249435478,0.291833461718168,-0.1233
Cost of Revenue,548000000.0,536840000.0,483353000.0,439791000.0,361734000.0,302606000.0,343124000.0,343124000.0,260566000.0,202272000.0
Gross Profit,67101000.0,64279000.0,57613000.0,52985000.0,42436000.0,40057000.0,69535000.0,69535000.0,46331000.0,35295000.0
R&D Expenses,1943000.0,1797000.0,1595000.0,1899000.0,1304000.0,1436000.0,1922000.0,0.0,0.0,0.0
SG&A Expense,35561000.0,32318000.0,31491000.0,28496000.0,28323000.0,27507000.0,31407000.0,31407000.0,26665000.0,24905000.0
Operating Expenses,37504000.0,34115000.0,33086000.0,30395000.0,29627000.0,28943000.0,31407000.0,31407000.0,26736000.0,24463000.0
Operating Income,30339000.0,31077000.0,24863000.0,23498000.0,13863000.0,12653000.0,38128000.0,38128000.0,19595000.0,10832000.0
Interest Expense,0.0,0.0,919000.0,554000.0,369000.0,712000.0,728000.0,728000.0,305000.0,883000.0
Earnings before Tax,30339000.0,31077000.0,24863000.0,23498000.0,13863000.0,12653000.0,38128000.0,38128000.0,19290000.0,9949000.0
Income Tax Expense,7323000.0,11155000.0,8887000.0,8660000.0,5175000.0,3531000.0,15120000.0,15120000.0,7583000.0,3933000.0
Net Income - Non-Controlling int,0.0,0.0,0.0,0.0,0.0,0.0,0.0,0.0,0.0,0.0
Net Income - Discontinued ops,0.0,0.0,0.0,0.0,0.0,0.0,0.0,0.0,0.0,0.0
Net Income,23016000.0,19922000.0,15976000.0,14904000.0,9230000.0,9122000.0,23008000.0,23008000.0,11707000.0,6016000.0
Preferred Dividends,0.0,0.0,0.0,0.0,0.0,0.0,0.0,0.0,0.0,0.0
Net Income Com,23016000.0,19922000.0,15976000.0,14904000.0,9230000.0,9122000.0,23008000.0,23008000.0,11707000.0,6016000.0
EPS,2.02,1.76,1.41,1.32,0.82,0.82,1.98,1.98,1.0,0.52
EPS Diluted,2.02,1.75,1.41,1.31,0.82,0.82,1.92,1.92,0.96,0.51
Weighted Average Shs Out,11368000.0,11346000.0,11324000.0,11297.0,11233000.0,11068000.0,11600000.0,11600000.0,11694525.0,11608690.0
Weighted Average Shs Out (Dil),11385000.0,11374000.0,11360000.0,11354.0,11324000.0,11258000.0,11984000.0,11984000.0,11671000.0,11611000.0
Dividend per Share,0.719191919192,0.678301389133,0.638468309859,596.970230756,0.555810667609,0.511813821283,0.462783711615,0.462783711615,0.1,0.0
Gross Margin,0.109089401578,0.106932238043,0.106500223674,0.107523499521,0.104995422718,0.116899110788,0.168504746049,0.168504746049,0.151,0.1486
EBITDA Margin,0.0593170877628,0.0597302697137,0.0539405433983,0.0558326704223,0.0436103619764,0.0480355334542,0.101301558914,0.101301558914,0.075,0.06
EBIT Margin,0.0493236070174,0.0516985821443,0.0459603745892,0.0476849521892,0.0342999232996,0.0369254923934,0.0923959007316,0.0923959007316,0.0638,0.0456
Profit Margin,0.0374182451337,0.0331415243903,0.0295323550833,0.0302449794633,0.0228369250563,0.0266209074222,0.0557554784944,0.0557554784944,0.038,0.025
Free Cash Flow margin,-0.0174605471297,-0.00682061289029,0.0150822787384,0.00926993197721,-0.00306306752109,0.00939698771096,0.0590729876242,0.0590729876242,0.04,0.0798
EBITDA,36486000.0,35905000.0,29180000.0,27513000.0,17626000.0,16460000.0,41803000.0,41803000.0,23128000.0,14346000.0
EBIT,30339000.0,31077000.0,24863000.0,23498000.0,13863000.0,12653000.0,38128000.0,38128000.0,19595000.0,10832000.0
Consolidated Income,23016000.0,19922000.0,15976000.0,14904000.0,9230000.0,9122000.0,23008000.0,23008000.0,11707000.0,6016000.0
Earnings Before Tax Margin,0.0493236070174,0.0516985821443,0.0459603745892,0.0476849521892,0.0342999232996,0.0369254923934,0.0923959007316,0.0923959007316,0.0629,0.0419
Net Profit Margin,0.0374182451337,0.0331415243903,0.0295323550833,0.0302449794633,0.0228369250563,0.0266209074222,0.0557554784944,0.0557554784944,0.0381,0.0253
