date,,2020-12-31_FY,2019-12-31_FY,2018-12-31_FY,2017-12-31_FY,2016-12-31_FY,2015-12-31_FY,2014-12-31_FY,2013-12-31_FY,2012-12-31_FY,2011-12-31_FY,2010-12-31_FY,2009-12-31_FY,2008-12-31_FY,2007-12-31_FY,2006-12-31_FY,2005-12-31_FY,2004-12-31_FY,2003-12-31_FY,2002-12-31_FY,2001-12-31_FY,2000-12-31_FY,1999-12-31_FY,1998-12-31_FY,1997-12-31_FY,1996-12-31_FY,1995-12-31_FY,1994-12-31_FY
,revenue,17224000000.0,16652000000.0,14950000000.0,14024000000.0,13211000000.0,12893000000.0,12951000000.0,12261000000.0,11924000000.0,11526000000.0,10550000000.0,10493000000.0,11587000000.0,11350000000.0,11921000000.0,11652000000.0,12159000000.0,11588000000.0,10440000000.0,9943000000.0,10157000000.0,9157000000.0,7190000000.0,6008600000.0,4149000000.0,3770300000.0,3435000000.0
,costOfRevenue,10129000000.0,9734000000.0,8605000000.0,7884000000.0,7461000000.0,7334000000.0,7515000000.0,7226000000.0,7134000000.0,0.0,0.0,0.0,0.0,0.0,7113000000.0,3811000000.0,0.0,9092000000.0,8166000000.0,8180000000.0,7490000000.0,7298000000.0,5519000000.0,5064700000.0,3293800000.0,2940300000.0,2644100000.0
,grossProfit,7095000000.0,6918000000.0,6345000000.0,6140000000.0,5750000000.0,5559000000.0,5436000000.0,5035000000.0,4790000000.0,11526000000.0,10550000000.0,10493000000.0,0.0,0.0,4808000000.0,7841000000.0,0.0,2496000000.0,2274000000.0,1763000000.0,2667000000.0,1859000000.0,1671000000.0,943900000.0,855200000.0,830000000.0,790900000.0
,grossProfitRatio,0.411925220622387,0.415445592121067,0.424414715719064,0.43782087849401,0.435243357807887,0.431164197626619,0.419735927727589,0.410651659734116,0.401710835290171,1.0,1.0,1.0,0.0,0.0,0.403321868970724,0.672931685547545,0.0,0.215395236451502,0.217816091954023,0.177310670823695,0.262577532736044,0.20301408758327,0.23240611961057,0.157091502180208,0.206121957098096,0.22014163329178,0.230247452692868
,,,,,,,,,,,,,,,,,,,,,,,,,,,,,,,,,,,,,,,,,,,,,,,,,,,,,,,,,,,,,,,,,,,,,,,,,,,,,,,,,,,,,,,,,,,,,,,,,,,,,
COST And EXPENSES,,,,,,,,,,,,,,,,,,,,,,,,,,,,,,,,,,,,,,,,,,,,,,,,,,,,,,,,,,,,,,,,,,,,,,,,,,,,,,,,,,,,,,,,,,,,,,,,,,,,,
,ResearchAndDevelopmentExpenses,0.0,0.0,0.0,0.0,0.0,0.0,0.0,0.0,0.0,0.0,0.0,0.0,0.0,0.0,0.0,0.0,0.0,0.0,0.0,0.0,0.0,0.0,0.0,0.0,0.0,0.0,0.0
,GeneralAndAdministrativeExpenses,0.0,9734000000.0,8605000000.0,7884000000.0,7461000000.0,7334000000.0,7515000000.0,7226000000.0,7134000000.0,6969000000.0,6465000000.0,6484000000.0,10784000000.0,10331000000.0,3350000000.0,6945000000.0,11511000000.0,0.0,0.0,0.0,0.0,0.0,0.0,0.0,0.0,0.0,0.0
,SellingAndMarketingExpenses,0.0,0.0,0.0,0.0,0.0,0.0,0.0,0.0,0.0,0.0,0.0,0.0,0.0,0.0,0.0,0.0,0.0,0.0,0.0,0.0,0.0,0.0,0.0,0.0,0.0,0.0,0.0
,otherExpenses,257000000.0,265000000.0,215000000.0,201000000.0,0.0,0.0,0.0,0.0,0.0,0.0,0.0,0.0,0.0,0.0,0.0,0.0,0.0,0.0,0.0,0.0,0.0,0.0,0.0,0.0,0.0,0.0,0.0
,operatingExpenses,4029000000.0,4241000000.0,3584000000.0,3284000000.0,3086000000.0,3140000000.0,3135000000.0,2958000000.0,2961000000.0,9888000000.0,9611000000.0,9669000000.0,11324000000.0,10331000000.0,3350000000.0,6985000000.0,11511000000.0,0.0,0.0,0.0,488000000.0,400000000.0,251000000.0,199100000.0,139900000.0,135100000.0,120600000.0
,costAndExpenses,14158000000.0,13975000000.0,12189000000.0,11168000000.0,10547000000.0,10474000000.0,10650000000.0,10184000000.0,10095000000.0,9888000000.0,9611000000.0,9669000000.0,11324000000.0,10331000000.0,10463000000.0,10796000000.0,11511000000.0,9092000000.0,8166000000.0,8180000000.0,7978000000.0,7698000000.0,5770000000.0,5263800000.0,3433700000.0,3075400000.0,2764700000.0
,interestExpense,515000000.0,524000000.0,290000000.0,237000000.0,189000000.0,163000000.0,165000000.0,167000000.0,181000000.0,199000000.0,233000000.0,241000000.0,0.0,0.0,0.0,0.0,0.0,0.0,0.0,0.0,0.0,0.0,0.0,0.0,0.0,0.0,0.0
,,,,,,,,,,,,,,,,,,,,,,,,,,,,,,,,,,,,,,,,,,,,,,,,,,,,,,,,,,,,,,,,,,,,,,,,,,,,,,,,,,,,,,,,,,,,,,,,,,,,,
EBITDA,,,,,,,,,,,,,,,,,,,,,,,,,,,,,,,,,,,,,,,,,,,,,,,,,,,,,,,,,,,,,,,,,,,,,,,,,,,,,,,,,,,,,,,,,,,,,,,,,,,,,
,depreciationAndAmortization,741000000.0,647000000.0,494000000.0,481000000.0,438000000.0,423000000.0,388000000.0,358000000.0,349000000.0,332000000.0,357000000.0,365000000.0,404000000.0,442000000.0,488000000.0,490000000.0,456000000.0,391000000.0,359000000.0,520000000.0,488000000.0,400000000.0,251000000.0,199100000.0,139900000.0,135100000.0,120600000.0
,EBITDA,3807000000.0,3324000000.0,3255000000.0,3337000000.0,3102000000.0,2842000000.0,2689000000.0,2435000000.0,2178000000.0,1970000000.0,1296000000.0,1189000000.0,667000000.0,1461000000.0,1946000000.0,1346000000.0,1104000000.0,2887000000.0,2633000000.0,2283000000.0,2667000000.0,1859000000.0,1671000000.0,943900000.0,855200000.0,830000000.0,790900000.0
,EBITDARatio,0.221028797027404,0.199615661782368,0.217725752508361,0.237949229891614,0.234804329725229,0.220429690529745,0.207628754536329,0.198597178044205,0.182656826568266,0.170917924692001,0.122843601895735,0.113313637663204,0.0575645119530508,0.128722466960352,0.163241338813858,0.115516649502231,0.0907969405378732,0.249137038315499,0.2522030651341,0.229608769988937,0.262577532736044,0.20301408758327,0.23240611961057,0.157091502180208,0.206121957098096,0.22014163329178,0.230247452692868
,,,,,,,,,,,,,,,,,,,,,,,,,,,,,,,,,,,,,,,,,,,,,,,,,,,,,,,,,,,,,,,,,,,,,,,,,,,,,,,,,,,,,,,,,,,,,,,,,,,,,
INCOME,,,,,,,,,,,,,,,,,,,,,,,,,,,,,,,,,,,,,,,,,,,,,,,,,,,,,,,,,,,,,,,,,,,,,,,,,,,,,,,,,,,,,,,,,,,,,,,,,,,,,
,operatingIncome,3066000000.0,2677000000.0,2761000000.0,2856000000.0,2664000000.0,2419000000.0,2301000000.0,2077000000.0,1829000000.0,1638000000.0,939000000.0,824000000.0,263000000.0,1019000000.0,1458000000.0,856000000.0,648000000.0,2496000000.0,2274000000.0,1763000000.0,2179000000.0,1459000000.0,1420000000.0,744800000.0,715300000.0,694900000.0,670300000.0
,operatingIncomeRatio,0.178007431490943,0.160761470093682,0.184682274247492,0.203650884198517,0.201650140034819,0.187621189792911,0.177669678017142,0.169398907103825,0.153388124790339,0.142113482561166,0.0890047393364929,0.0785285428380825,0.0226978510399586,0.0897797356828194,0.12230517574029,0.0734637830415379,0.0532938564026647,0.215395236451502,0.217816091954023,0.177310670823695,0.214531849955696,0.159331658840232,0.19749652294854,0.123955663548913,0.172402988671969,0.184308940933082,0.195138282387191
,totalOtherIncomeExpensesNet,235000000.0,247000000.0,-238000000.0,15000000.0,0.0,38000000.0,-100000000.0,45000000.0,24000000.0,-63000000.0,43000000.0,-317000000.0,-552000000.0,0.0,0.0,143000000.0,0.0,0.0,0.0,0.0,0.0,0.0,25000000.0,24000000.0,14300000.0,17700000.0,11800000.0
,incomeBeforeTax,2793000000.0,2439000000.0,2244000000.0,2643000000.0,2480000000.0,2307000000.0,2057000000.0,1973000000.0,1696000000.0,1404000000.0,769000000.0,283000000.0,79000000.0,847000000.0,1219000000.0,571000000.0,454000000.0,2335000000.0,2133000000.0,1590000000.0,1934000000.0,1247000000.0,1305000000.0,662400000.0,668000000.0,649800000.0,631500000.0
,incomeBeforeTaxRatio,0.162157454714352,0.14646889262551,0.150100334448161,0.188462635482031,0.187722352584967,0.178934305437059,0.158829434020539,0.160916727836229,0.142234149614223,0.121811556480999,0.0728909952606635,0.0269703611931764,0.00681798567359972,0.0746255506607929,0.10225652210385,0.0490044627531754,0.0373385969240892,0.201501553331032,0.204310344827586,0.15991149552449,0.190410554297529,0.136179971606421,0.181502086230876,0.110241986486037,0.161002651241263,0.172347028087951,0.183842794759825
,incomeTaxExpense,747000000.0,666000000.0,574000000.0,1133000000.0,685000000.0,671000000.0,586000000.0,594000000.0,492000000.0,422000000.0,204000000.0,41000000.0,137000000.0,295000000.0,388000000.0,192000000.0,259000000.0,770000000.0,747000000.0,599000000.0,753000000.0,521000000.0,509000000.0,263000000.0,208700000.0,246900000.0,249500000.0
,netIncome,2016000000.0,1742000000.0,1650000000.0,1492000000.0,1768000000.0,1599000000.0,1465000000.0,1357000000.0,1176000000.0,993000000.0,855000000.0,227000000.0,-73000000.0,2475000000.0,990000000.0,404000000.0,176000000.0,1540000000.0,1365000000.0,974000000.0,1181000000.0,726000000.0,796000000.0,399400000.0,459300000.0,402900000.0,371500000.0
,netIncomeRatio,0.117045982350209,0.104612058611578,0.110367892976589,0.106389047347404,0.133827870713799,0.12402078647328,0.113118678094356,0.110676127558927,0.0986246226098625,0.086153045288912,0.081042654028436,0.0216334699323358,-0.00630016397687063,0.218061674008811,0.0830467242680983,0.0346721592859595,0.0144748745785015,0.132896099413186,0.130747126436782,0.0979583626672031,0.116274490499163,0.0792836081686142,0.110709318497914,0.0664713910062244,0.110701373825018,0.106861522955733,0.108151382823872
,,,,,,,,,,,,,,,,,,,,,,,,,,,,,,,,,,,,,,,,,,,,,,,,,,,,,,,,,,,,,,,,,,,,,,,,,,,,,,,,,,,,,,,,,,,,,,,,,,,,,
EPS,,,,,,,,,,,,,,,,,,,,,,,,,,,,,,,,,,,,,,,,,,,,,,,,,,,,,,,,,,,,,,,,,,,,,,,,,,,,,,,,,,,,,,,,,,,,,,,,,,,,,
,EPS,3.98,3.44,3.26,2.91,3.41,3.01,2.69,2.47,2.16,1.82,1.56,0.434865900383142,-0.14,4.6,1.8,0.75,0.334600760456274,2.89,2.52,1.77,2.175,1.38,1.555,0.816667,1.05732044198895,0.921667,0.841667
,EPSDiluted,3.94,3.41,3.23,2.87,3.38,2.98,2.65,2.43,2.13,1.79,1.55,0.433206106870229,-0.14,4.53,1.76,0.74,0.328971962616822,2.81,2.45,1.695,2.05,1.31,1.49,0.796667,1.03721113856096,0.921667,0.841667
,weightedAverageShsOut,506000000.0,506000000.0,506000000.0,513000000.0,519000000.0,531000000.0,545000000.0,549000000.0,544000000.0,542000000.0,540000000.0,522000000.0,514000000.0,539000000.0,549000000.0,538000000.0,526000000.0,533000000.0,541000000.0,550000000.0,544000000.0,526000000.0,512000000.0,489000000.0,434400000.0,437400000.0,441600000.0
,weightedAverageShsOutDil,512000000.0,511000000.0,511000000.0,519000000.0,524000000.0,536000000.0,553000000.0,558000000.0,552000000.0,551000000.0,544000000.0,524000000.0,514000000.0,546000000.0,557000000.0,543000000.0,535000000.0,548000000.0,557000000.0,572000000.0,568000000.0,544000000.0,528000000.0,501600000.0,442822086.0,437400000.0,441600000.0
