date,,2020-09-30_FY,2019-09-30_FY,2018-09-30_FY,2017-09-30_FY,2016-09-30_FY,2015-09-30_FY,2014-09-30_FY,2013-09-30_FY,2012-09-30_FY,2011-09-30_FY,2010-09-30_FY,2009-09-30_FY,2008-09-30_FY,2007-09-30_FY,2006-09-30_FY,2005-09-30_FY,2004-09-30_FY,2003-09-30_FY,2002-09-30_FY,2001-09-30_FY,2000-09-30_FY,1999-09-30_FY,1998-09-30_FY,1997-09-30_FY,1996-09-30_FY,1995-09-30_FY,1994-09-30_FY,1993-09-30_FY,1992-09-30_FY,1991-09-30_FY,1990-09-30_FY,1989-09-30_FY,1988-09-30_FY,1987-09-30_FY,1986-09-30_FY
,revenue,167817000.0,158522000.0,139372110.0,113545982.0,94916110.0,78014122.0,65855231.0,55297816.0,47761293.0,41609108.0,32901006.0,23321893.0,24553097.0,21909886.0,19314939.0,20928877.0,17975995.0,13799727.0,10507179.0,8317447.0,7151743.0,6200000.0,5200000.0,4100000.0,3300000.0,2800000.0,2800000.0,2600000.0,2100000.0,1900000.0,0.0,0.0,0.0,0.0,0.0
,costOfRevenue,27081000.0,20711000.0,18596239.0,12427311.0,10455401.0,8362135.0,7605611.0,5864834.0,0.0,0.0,0.0,0.0,0.0,0.0,0.0,0.0,0.0,0.0,0.0,0.0,0.0,0.0,0.0,0.0,0.0,0.0,0.0,0.0,0.0,0.0,0.0,0.0,0.0,0.0,0.0
,grossProfit,140736000.0,137811000.0,120775871.0,101118671.0,84460709.0,69651987.0,58249620.0,49432982.0,0.0,0.0,0.0,0.0,0.0,0.0,0.0,0.0,0.0,0.0,0.0,0.0,0.0,0.0,0.0,0.0,0.0,0.0,0.0,0.0,0.0,0.0,0.0,0.0,0.0,0.0,0.0
,grossProfitRatio,0.83862779098661,0.869349364756942,0.866571303254288,0.890552613301631,0.889845875478883,0.892812547451345,0.884510146202357,0.893940946962535,0.0,0.0,0.0,0.0,0.0,0.0,0.0,0.0,0.0,0.0,0.0,0.0,0.0,0.0,0.0,0.0,0.0,0.0,0.0,0.0,0.0,0.0,0.0,0.0,0.0,0.0,0.0
,,,,,,,,,,,,,,,,,,,,,,,,,,,,,,,,,,,,,,,,,,,,,,,,,,,,,,,,,,,,,,,,,,,,,,,,,,,,,,,,,,,,,,,,,,,,,,,,,,,,,
COST And EXPENSES,,,,,,,,,,,,,,,,,,,,,,,,,,,,,,,,,,,,,,,,,,,,,,,,,,,,,,,,,,,,,,,,,,,,,,,,,,,,,,,,,,,,,,,,,,,,,,,,,,,,,
,ResearchAndDevelopmentExpenses,0.0,0.0,0.0,0.0,0.0,0.0,0.0,0.0,0.0,0.0,0.0,0.0,0.0,0.0,0.0,0.0,0.0,0.0,0.0,0.0,0.0,0.0,0.0,0.0,0.0,0.0,0.0,0.0,0.0,0.0,0.0,0.0,0.0,0.0,0.0
,GeneralAndAdministrativeExpenses,8932000.0,9081000.0,8776579.0,7809546.0,7936124.0,6305928.0,5709937.0,4982945.0,7778249.0,4155200.0,10833978.0,2803219.0,2798005.0,2385202.0,2181111.0,1900799.0,1726878.0,1517624.0,1013979.0,370797.0,255896.0,400000.0,400000.0,200000.0,200000.0,300000.0,300000.0,200000.0,0.0,0.0,0.0,0.0,0.0,0.0,0.0
,SellingAndMarketingExpenses,0.0,0.0,0.0,0.0,0.0,0.0,0.0,0.0,0.0,0.0,0.0,0.0,0.0,0.0,0.0,0.0,0.0,0.0,0.0,0.0,0.0,0.0,0.0,0.0,0.0,0.0,0.0,0.0,0.0,0.0,0.0,0.0,0.0,0.0,0.0
,otherExpenses,0.0,0.0,0.0,0.0,0.0,0.0,0.0,0.0,0.0,0.0,0.0,0.0,0.0,0.0,0.0,0.0,0.0,0.0,0.0,0.0,0.0,0.0,0.0,0.0,0.0,0.0,0.0,0.0,0.0,0.0,0.0,0.0,0.0,0.0,0.0
,operatingExpenses,58782000.0,61587000.0,53137484.0,44157217.0,38297703.0,32206540.0,27141386.0,23229703.0,28000000.0,26000000.0,24000000.0,21000000.0,20000000.0,15000000.0,12000000.0,11000000.0,0.0,0.0,0.0,0.0,0.0,0.0,0.0,0.0,0.0,0.0,0.0,0.0,0.0,0.0,0.0,0.0,0.0,0.0,0.0
,costAndExpenses,85863000.0,82298000.0,71733723.0,56584528.0,48753104.0,40568675.0,34746997.0,29094537.0,0.0,0.0,0.0,0.0,0.0,0.0,0.0,0.0,0.0,0.0,0.0,0.0,0.0,0.0,0.0,0.0,0.0,0.0,0.0,0.0,0.0,0.0,0.0,0.0,0.0,0.0,0.0
,interestExpense,36376000.0,36912000.0,32349705.0,25754121.0,21836811.0,18558150.0,16104678.0,14956954.0,15352499.0,14870906.0,14822725.0,13897398.0,13138767.0,8969087.0,8298077.0,8001956.0,6979007.0,6906078.0,6059415.0,4590757.0,3334861.0,2600000.0,1800000.0,1700000.0,1300000.0,1400000.0,1100000.0,800000.0,600000.0,800000.0,0.0,0.0,0.0,0.0,0.0
,,,,,,,,,,,,,,,,,,,,,,,,,,,,,,,,,,,,,,,,,,,,,,,,,,,,,,,,,,,,,,,,,,,,,,,,,,,,,,,,,,,,,,,,,,,,,,,,,,,,,
EBITDA,,,,,,,,,,,,,,,,,,,,,,,,,,,,,,,,,,,,,,,,,,,,,,,,,,,,,,,,,,,,,,,,,,,,,,,,,,,,,,,,,,,,,,,,,,,,,,,,,,,,,
,depreciationAndAmortization,49850000.0,45890000.0,38567027.0,31459749.0,26087680.0,21772728.0,17719581.0,14882982.0,13910385.0,12168034.0,10922073.0,8553869.0,10087318.0,7585304.0,5795924.0,5023730.0,4326026.0,3813932.0,3128420.0,2307806.0,1846142.0,1700000.0,1300000.0,1000000.0,900000.0,900000.0,800000.0,400000.0,200000.0,200000.0,0.0,0.0,0.0,0.0,0.0
,EBITDA,131804000.0,122114000.0,106205414.0,88421203.0,72250686.0,59218175.0,48827815.0,41086261.0,0.0,0.0,0.0,0.0,0.0,0.0,0.0,0.0,0.0,0.0,0.0,0.0,0.0,0.0,0.0,0.0,0.0,0.0,0.0,0.0,0.0,0.0,0.0,0.0,0.0,0.0,0.0
,EBITDARatio,0.78540314747612,0.770328408675137,0.762027739983272,0.77872595262772,0.7612057215577,0.759069941208849,0.741441708707999,0.742999705449488,0.0,0.0,0.0,0.0,0.0,0.0,0.0,0.0,0.0,0.0,0.0,0.0,0.0,0.0,0.0,0.0,0.0,0.0,0.0,0.0,0.0,0.0,0.0,0.0,0.0,0.0,0.0
,,,,,,,,,,,,,,,,,,,,,,,,,,,,,,,,,,,,,,,,,,,,,,,,,,,,,,,,,,,,,,,,,,,,,,,,,,,,,,,,,,,,,,,,,,,,,,,,,,,,,
INCOME,,,,,,,,,,,,,,,,,,,,,,,,,,,,,,,,,,,,,,,,,,,,,,,,,,,,,,,,,,,,,,,,,,,,,,,,,,,,,,,,,,,,,,,,,,,,,,,,,,,,,
,operatingIncome,81954000.0,76224000.0,67638387.0,56961454.0,46163006.0,37445447.0,31108234.0,26203279.0,0.0,0.0,0.0,0.0,0.0,0.0,0.0,0.0,0.0,0.0,0.0,0.0,0.0,0.0,0.0,0.0,0.0,0.0,0.0,0.0,0.0,0.0,0.0,0.0,0.0,0.0,0.0
,operatingIncomeRatio,0.488353384937164,0.480841775904922,0.485307907012386,0.501659794531523,0.48635585676657,0.479982931808167,0.472373014681248,0.473857394295644,0.0,0.0,0.0,0.0,0.0,0.0,0.0,0.0,0.0,0.0,0.0,0.0,0.0,0.0,0.0,0.0,0.0,0.0,0.0,0.0,0.0,0.0,0.0,0.0,0.0,0.0,0.0
,totalOtherIncomeExpensesNet,-67721000.0,-9512000.0,20717118.0,9063752.0,9284550.0,4280667.0,1684886.0,6618553.0,0.0,0.0,0.0,0.0,0.0,0.0,0.0,0.0,0.0,0.0,0.0,0.0,0.0,0.0,0.0,0.0,0.0,0.0,0.0,0.0,0.0,0.0,0.0,0.0,0.0,0.0,0.0
,incomeBeforeTax,-22143000.0,29800000.0,56005800.0,40271085.0,32494507.0,25605815.0,19845294.0,21103686.0,0.0,0.0,0.0,0.0,0.0,0.0,0.0,0.0,0.0,0.0,0.0,0.0,0.0,0.0,0.0,0.0,0.0,0.0,0.0,0.0,0.0,0.0,0.0,0.0,0.0,0.0,0.0
,incomeBeforeTaxRatio,-0.131947299737214,0.187986525529579,0.40184366872253,0.354667635883408,0.342349754957299,0.328220254789255,0.301347268829715,0.381636880559623,0.0,0.0,0.0,0.0,0.0,0.0,0.0,0.0,0.0,0.0,0.0,0.0,0.0,0.0,0.0,0.0,0.0,0.0,0.0,0.0,0.0,0.0,0.0,0.0,0.0,0.0,0.0
,incomeTaxExpense,0.0,0.0,0.0,0.0,0.0,0.0,0.0,0.0,0.0,0.0,0.0,0.0,0.0,0.0,0.0,0.0,0.0,0.0,0.0,0.0,0.0,0.0,0.0,0.0,0.0,0.0,0.0,0.0,0.0,0.0,0.0,0.0,0.0,0.0,0.0
,netIncome,-22143000.0,29800000.0,56005800.0,40271085.0,32494507.0,25605815.0,19845294.0,21395246.0,18684495.0,15418198.0,11007515.0,1652901.0,11022895.0,10817638.0,6165588.0,9046822.0,7672635.0,6120343.0,4478145.0,4123054.0,3589397.0,3800000.0,2500000.0,1900000.0,1400000.0,1000000.0,1400000.0,1300000.0,1200000.0,1000000.0,1000000.0,900000.0,600000.0,600000.0,700000.0
,netIncomeRatio,-0.131947299737214,0.187986525529579,0.40184366872253,0.354667635883408,0.342349754957299,0.328220254789255,0.301347268829715,0.386909421522181,0.391205803410724,0.370548630843036,0.334564693857689,0.0708733634958363,0.448941125431142,0.493733194230221,0.319213433705382,0.432265046997027,0.426826720857455,0.443511889764196,0.426198601927311,0.495711484545678,0.50189121728787,0.612903225806452,0.480769230769231,0.463414634146341,0.424242424242424,0.357142857142857,0.5,0.5,0.571428571428571,0.526315789473684,0.0,0.0,0.0,0.0,0.0
,,,,,,,,,,,,,,,,,,,,,,,,,,,,,,,,,,,,,,,,,,,,,,,,,,,,,,,,,,,,,,,,,,,,,,,,,,,,,,,,,,,,,,,,,,,,,,,,,,,,,
EPS,,,,,,,,,,,,,,,,,,,,,,,,,,,,,,,,,,,,,,,,,,,,,,,,,,,,,,,,,,,,,,,,,,,,,,,,,,,,,,,,,,,,,,,,,,,,,,,,,,,,,
,EPS,-0.5,0.319102230503175,0.712365796551082,0.558435829963742,0.496337555227269,0.43336600103226,0.398260571298483,0.506090245296602,0.471108648331199,0.439472028084348,0.362432463605262,0.0661651954470015,0.456784550084066,0.513882439543993,0.32,0.503514261416257,0.473431445401959,0.442091754035089,0.4,0.433786234037812,0.44,0.57,0.5,0.469395534664984,0.390585331177302,0.311326299849567,0.49,0.51,0.51,0.45,0.49,0.54,0.46,0.173333,0.176667
,EPSDiluted,-0.5,0.318767716746002,0.710713588126871,0.557387643360302,0.495658290872897,0.43252119007665,0.397501846568523,0.504220105252704,0.469228348506883,0.438868318366896,0.362299108997197,0.0661467691430731,0.456015494497521,0.511478896297706,0.31,0.501667896970348,0.470994551107887,0.441180524268975,0.399963,0.433702366471281,0.44,0.57,0.5,0.466363644842975,0.377999969760002,0.300000030000003,0.49,0.51,0.51,0.45,0.49,0.54,0.46,0.173333,0.176667
,weightedAverageShsOut,98082000.0,93387000.0,78619440.0,72114078.0,65468564.0,59085888.0,49829924.0,42275555.0,39660692.0,35083457.0,30371217.0,24981427.0,24131497.0,21050803.0,19555278.0,17967360.0,16206433.0,13844056.0,11177294.0,9504806.0,8157720.0,6666667.0,5000000.0,4047759.0,3584364.0,3212064.0,2857143.0,2549020.0,2352941.0,2222222.0,2040816.0,1666667.0,1304348.0,1229000.0,1229000.0
,weightedAverageShsOutDil,98164000.0,93485000.0,78802208.0,72249691.0,65558284.0,59201296.0,49925036.0,42432354.0,39819621.0,35131718.0,30382396.0,24988386.0,24172194.0,21149725.0,19605069.0,18033488.0,16290284.0,13872650.0,11196388.0,9506644.0,8157720.0,6666667.0,5000000.0,4074074.0,3703704.0,3333333.0,2857143.0,2549020.0,2352941.0,2222222.0,2040816.0,1666667.0,1304348.0,1229000.0,1229000.0
