Date,2018-12-31,2017-12-31,2016-12-31,2015-12-31,2014-12-31,2013-12-31,2012-12-31,2011-12-31,2010-12-31,2009-12-31
Revenue,62896000.0,42970000.0,38921000.0,34931000.0,27867000.0,25531000.0,25888000.0,23814000.0,20285000.0,12168000.0
Revenue Growth,0.4637,0.104,0.1142,0.2535,0.0915,-0.0138,0.0871,0.174,0.6671,-0.3734
Cost of Revenue,0.0,0.0,0.0,0.0,0.0,0.0,0.0,0.0,0.0,0.0
Gross Profit,62896000.0,42970000.0,38921000.0,34931000.0,27867000.0,25531000.0,25888000.0,23814000.0,20285000.0,12168000.0
R&D Expenses,0.0,0.0,0.0,0.0,0.0,0.0,0.0,0.0,0.0,0.0
SG&A Expense,32830000.0,22792000.0,21076000.0,19157000.0,14688000.0,14928000.0,14557000.0,13365000.0,13117000.0,12708000.0
Operating Expenses,50171000.0,31381000.0,28840000.0,26759000.0,20704000.0,19391000.0,19693000.0,18048000.0,17121000.0,16671000.0
Operating Income,12725000.0,11589000.0,10081000.0,8172000.0,7163000.0,6140000.0,6195000.0,5766000.0,3164000.0,-4503000.0
Interest Expense,0.0,0.0,0.0,0.0,0.0,0.0,0.0,0.0,0.0,0.0
Earnings before Tax,12725000.0,11589000.0,10081000.0,8172000.0,7163000.0,6140000.0,6195000.0,5766000.0,3164000.0,-4503000.0
Income Tax Expense,2129000.0,4500000.0,2277000.0,1644000.0,1462000.0,1201000.0,1244000.0,1223000.0,416000.0,-2208000.0
Net Income - Non-Controlling int,0.0,0.0,0.0,0.0,0.0,0.0,0.0,0.0,0.0,0.0
Net Income - Discontinued ops,0.0,0.0,0.0,0.0,0.0,0.0,0.0,0.0,0.0,0.0
Net Income,10596000.0,7089000.0,7804000.0,6528000.0,5701000.0,4939000.0,4951000.0,4543000.0,2748000.0,-2295000.0
Preferred Dividends,102000.0,0.0,0.0,490000.0,350000.0,323000.0,514000.0,514000.0,514000.0,514000.0
Net Income Com,10494000.0,7089000.0,7804000.0,6038000.0,5351000.0,4616000.0,4437000.0,4029000.0,2234000.0,-2809000.0
EPS,1.48,1.67,1.85,1.47,1.53,1.32,1.27,1.16,0.64,-0.81
EPS Diluted,1.48,1.67,1.85,1.47,1.53,1.32,1.27,1.16,0.64,-0.81
Weighted Average Shs Out,8457023.0,4240754.0,4232166.0,4225720.0,3496916.0,3493529.0,3488547.0,3483121.0,3479780.0,3479780.0
Weighted Average Shs Out (Dil),8457023.0,4240754.0,4232166.0,4225720.0,3496916.0,3493529.0,3488547.0,3483121.0,3479780.0,3479780.0
Dividend per Share,0.45,0.77,0.68,0.44,0.45,0.25,0.25,0.2,0.0,0.52
Gross Margin,1.0,1.0,1.0,1.0,1.0,1.0,1.0,1.0,1.0,1.0
EBITDA Margin,0.26,0.306,0.305,0.279,0.304,0.291,0.283,0.297,0.22,-0.275
EBIT Margin,0.2023,0.2697,0.259,0.2339,0.257,0.2405,0.2393,0.2421,0.156,-0.3701
Profit Margin,0.167,0.165,0.201,0.173,0.192,0.181,0.171,0.169,0.11,-0.231
Free Cash Flow margin,0.0322,0.168,0.5414,0.3353,0.2749,0.3954,0.3263,0.2952,0.2802,-0.0455
EBITDA,16344000.0,13158000.0,11865000.0,9757000.0,8460000.0,7429000.0,7334000.0,7073000.0,4466000.0,-3351000.0
EBIT,12725000.0,11589000.0,10081000.0,8172000.0,7163000.0,6140000.0,6195000.0,5766000.0,3164000.0,-4503000.0
Consolidated Income,10596000.0,7089000.0,7804000.0,6528000.0,5701000.0,4939000.0,4951000.0,4543000.0,2748000.0,-2295000.0
Earnings Before Tax Margin,0.2023,0.2697,0.259,0.2339,0.257,0.2405,0.2393,0.2421,0.156,-0.3701
Net Profit Margin,0.1685,0.165,0.2005,0.1869,0.2046,0.1935,0.1912,0.1908,0.1355,-0.1886
