Date,2018-12-31,2017-12-31,2016-12-31,2015-12-31,2014-12-31,2013-12-31,2012-12-31,2011-12-31,2010-12-31,2009-12-31
Revenue,13285000.0,3395000.0,0.0,76915000.0,14722000.0,12495000.0,5867000.0,62000.0,0.0,0.0
Revenue Growth,2.91310751104566,0.0,-1,4.22449395462573,0.178231292517007,1.12970853928754,93.6290322580645,0.0,0.0,-1.0
Cost of Revenue,0.0,0.0,0.0,0.0,0.0,0.0,0.0,0.0,0.0,0.0
Gross Profit,0.0,0.0,0.0,0.0,0.0,0.0,0.0,0.0,0.0,0.0
R&D Expenses,30202000.0,9487000.0,16554000.0,40271000.0,35832000.0,29334000.0,18786000.0,24388000.0,18937000.0,15844000.0
SG&A Expense,14082000.0,11755000.0,7808000.0,9716000.0,10141000.0,9185000.0,7080000.0,5710000.0,4971000.0,5480000.0
Operating Expenses,44284000.0,21242000.0,24362000.0,49987000.0,45973000.0,38519000.0,25866000.0,30098000.0,23908000.0,21324000.0
Operating Income,-30999000.0,-17847000.0,-24362000.0,26928000.0,-31251000.0,-26024000.0,-19999000.0,-30036000.0,-23908000.0,-21324000.0
Interest Expense,0.0,853000.0,0.0,0.0,0.0,0.0,0.0,0.0,0.0,0.0
Earnings before Tax,0.0,0.0,-24094000.0,43822000.0,0.0,-28213000.0,0.0,0.0,-18682000.0,-23648000.0
Income Tax Expense,0.0,0.0,0.0,0.0,-202000.0,202000.0,0.0,0.0,0.0,0.0
Net Income - Non-Controlling int,0.0,0.0,0.0,0.0,0.0,0.0,0.0,0.0,0.0,0.0
Net Income - Discontinued ops,0.0,0.0,0.0,0.0,0.0,0.0,0.0,0.0,0.0,0.0
Net Income,-30287000.0,-23140000.0,-24094000.0,43822000.0,-21584000.0,-28415000.0,-71135000.0,-25653000.0,-18682000.0,-23648000.0
Preferred Dividends,0.0,958000.0,0.0,0.0,0.0,0.0,0.0,0.0,0.0,0.0
Net Income Com,-30287000.0,-23140000.0,-24094000.0,43822000.0,-21584000.0,-28415000.0,-71135000.0,-25653000.0,-18682000.0,-23648000.0
EPS,-1.02,-2.11,-0.34,0.62,-0.36,-0.49,-1.31,-0.56,-6.16,-13.31
EPS Diluted,-1.02,-2.11,-0.34,0.54,-0.49,-0.49,-1.31,-0.56,-6.16,-13.31
Weighted Average Shs Out,29601692.0,11400881.0,71524000.0,70242000.0,60335000.0,57832000.0,54219000.0,45900000.0,3063840.0,3051132.0
Weighted Average Shs Out (Dil),29601692.0,11400881.0,71524000.0,73483000.0,63386000.0,57832000.0,54219000.0,45900000.0,3059455.0,1781273.0
Dividend per Share,0.0,0.0,0.0,0.0,0.0,0.0,0.0,0.0,0.0,0.0
Gross Margin,0.0,0.0,0.0,0.0,0.0,0.0,0.0,0.0,0.0,0.0
EBITDA Margin,-2.23613097478,-5.11045655376,0.0,0.363128128453,-2.03382692569,-1.96222488996,-3.23691835691,-475.983870968,,
EBIT Margin,-2.33338351524,-5.25684830633,0.0,0.35010076058,-2.12274147534,-2.08275310124,-3.40872677689,-484.451612903,0.0,0.0
Profit Margin,-2.27978923598,-6.81590574374,0.0,0.569745823311,-1.46610514876,-2.27410964386,-12.1245951935,-413.758064516,,
Free Cash Flow margin,-0.766804666918,-4.52577319588,0.0,-0.495508028343,-1.89913055291,0.799759903962,5.01636270666,-393.209677419,0.0,0.0
EBITDA,-29707000.0,-17350000.0,-23939000.0,27930000.0,-29942000.0,-24518000.0,-18991000.0,-29511000.0,-18173000.0,-23051000.0
EBIT,-30999000.0,-17847000.0,-24362000.0,26928000.0,-31251000.0,-26024000.0,-19999000.0,-30036000.0,-18682000.0,-23648000.0
Consolidated Income,-30287000.0,-23140000.0,-24094000.0,43822000.0,-21584000.0,-28415000.0,-71135000.0,-25653000.0,-18682000.0,-23648000.0
Earnings Before Tax Margin,0.0,0.0,0.0,0.569745823311,0.0,-2.25794317727,0.0,0.0,0.0,0.0
Net Profit Margin,-2.27978923598,-6.81590574374,0.0,0.569745823311,-1.46610514876,-2.27410964386,-12.1245951935,-413.758064516,0.0,0.0
