Date,2018-12-31,2017-12-31,2016-12-31,2015-12-31,2014-12-31,2013-12-31,2012-12-31,2011-12-31,2010-12-31,2009-12-31
Revenue,173558000.0,176696000.0,180304000.0,180267000.0,190081000.0,177423000.0,173447000.0,200689000.0,228088000.0,289705000.0
Revenue Growth,-0.0178,-0.02,0.0002,-0.0516,0.0713,0.0229,-0.1357,-0.1201,-0.2127,-0.1292
Cost of Revenue,34476000.0,35667000.0,36564000.0,34102000.0,38350000.0,36097000.0,34641000.0,38515000.0,130073000.0,193228000.0
Gross Profit,139082000.0,141029000.0,143740000.0,146165000.0,151731000.0,141326000.0,138806000.0,162174000.0,98015000.0,96477000.0
R&D Expenses,0.0,0.0,0.0,0.0,0.0,0.0,0.0,0.0,0.0,0.0
SG&A Expense,63594000.0,62096000.0,66966000.0,59272000.0,62141000.0,58817000.0,61208000.0,80940000.0,97979000.0,109738000.0
Operating Expenses,139172000.0,138510000.0,143079000.0,134021000.0,138989000.0,136570000.0,139786000.0,179063000.0,109496000.0,122071000.0
Operating Income,-90000.0,2519000.0,661000.0,12144000.0,12742000.0,4756000.0,-980000.0,-16889000.0,-11481000.0,-25594000.0
Interest Expense,0.0,0.0,0.0,0.0,0.0,0.0,0.0,0.0,0.0,0.0
Earnings before Tax,489000.0,2460000.0,-955000.0,8199000.0,9821000.0,2809000.0,-300000.0,-17878000.0,-11040000.0,-24075000.0
Income Tax Expense,4375000.0,4247000.0,-369000.0,2360000.0,3325000.0,-365000.0,1088000.0,2781000.0,-424000.0,-6707000.0
Net Income - Non-Controlling int,0.0,0.0,0.0,0.0,0.0,0.0,0.0,0.0,0.0,0.0
Net Income - Discontinued ops,0.0,0.0,0.0,0.0,0.0,0.0,0.0,0.0,0.0,0.0
Net Income,-3886000.0,-1787000.0,-586000.0,5839000.0,6496000.0,3174000.0,-1388000.0,-20659000.0,-10616000.0,-17368000.0
Preferred Dividends,0.0,0.0,0.0,0.0,0.0,0.0,0.0,0.0,0.0,0.0
Net Income Com,-3886000.0,-1787000.0,-586000.0,5839000.0,6496000.0,3174000.0,-1388000.0,-20659000.0,-10616000.0,-17368000.0
EPS,-1.53,-0.66,-0.22,2.18,2.44,1.2,-0.52,-7.8,-4.01,-6.56
EPS Diluted,-1.53,-0.66,-0.22,2.14,2.4,1.18,-0.52,-7.8,-4.01,-6.56
Weighted Average Shs Out,2381244.0,2708491.0,2686868.0,2681078.0,2668244.0,2653913.0,2647735.0,2648518.0,2649047.0,2648079.0
Weighted Average Shs Out (Dil),2541000.0,2708000.0,2688000.0,2680000.0,2663000.0,2650000.0,2648000.0,2649000.0,2649000.0,2646000.0
Dividend per Share,1.25,0.5,0.25,0.0,0.0,0.0,0.0,0.0,0.0,0.4
Gross Margin,0.8014,0.7981,0.7972,0.8108,0.7982,0.7965,0.8003,0.8081,0.4297,0.333
EBITDA Margin,0.015,0.024,0.005,0.055,0.06,0.028,0.026,-0.036,0.002,-0.041
EBIT Margin,0.0028,0.0139,-0.0053,0.0455,0.0517,0.0158,-0.0017,-0.0891,-0.0484,-0.0831
Profit Margin,-0.022,-0.01,-0.003,0.032,0.034,0.018,-0.008,-0.103,-0.047,-0.06
Free Cash Flow margin,-0.0148,0.0508,-0.0128,0.0134,0.0415,0.0447,-0.011,-0.0182,0.0098,-0.0452
EBITDA,2553000.0,4324000.0,943000.0,9992000.0,11429000.0,4929000.0,4455000.0,-7181000.0,477000.0,-11742000.0
EBIT,489000.0,2460000.0,-955000.0,8199000.0,9821000.0,2809000.0,-300000.0,-17878000.0,-11040000.0,-24075000.0
Consolidated Income,-3886000.0,-1787000.0,-586000.0,5839000.0,6496000.0,3174000.0,-1388000.0,-20659000.0,-10616000.0,-17368000.0
Earnings Before Tax Margin,0.0028,0.0139,-0.0053,0.0455,0.0517,0.0158,-0.0017,-0.0891,-0.0484,-0.0831
Net Profit Margin,-0.0224,-0.0101,-0.0033,0.0324,0.0342,0.0179,-0.008,-0.1029,-0.0465,-0.06
