date,,2020-07-31_FY,2019-07-31_FY,2018-07-31_FY,2017-07-31_FY,2016-07-31_FY,2015-07-31_FY,2014-07-31_FY,2013-07-31_FY,2012-07-31_FY,2011-07-31_FY,2010-07-31_FY,2009-07-31_FY,2008-07-31_FY,2007-07-31_FY,2006-07-31_FY,2005-07-31_FY,2004-07-31_FY,2003-07-31_FY,2002-07-31_FY,2001-07-31_FY,2000-07-31_FY,1999-07-31_FY,1998-07-31_FY,1997-09-30_FY,1996-09-30_FY
,revenue,1963704000.0,2271575000.0,2011553000.0,1907218000.0,1601286000.0,1399924000.0,1254646000.0,1120797000.0,1024394000.0,1167046000.0,868632000.0,976988000.0,1152156000.0,940536000.0,838852000.0,809987000.0,721893000.0,710398000.0,615260000.0,543780000.0,553059000.0,475700000.0,410300000.0,330500000.0,188900000.0
,costOfRevenue,1187685000.0,1297323000.0,1144217000.0,1086042000.0,1152496000.0,1058432000.0,994174000.0,896609000.0,836018000.0,951501000.0,694157000.0,762577000.0,881532000.0,722150000.0,642485000.0,627612000.0,546898000.0,588045000.0,564770000.0,430301000.0,430379000.0,373823000.0,280400000.0,239000000.0,130700000.0
,grossProfit,776019000.0,974252000.0,867336000.0,821176000.0,448790000.0,341492000.0,260472000.0,224188000.0,188376000.0,215545000.0,174475000.0,214411000.0,270624000.0,218386000.0,196367000.0,182375000.0,174995000.0,122353000.0,50490000.0,113479000.0,122680000.0,101877000.0,129900000.0,91500000.0,58300000.0
,grossProfitRatio,0.395181249312524,0.428888326381475,0.431177304301701,0.430562211556309,0.28026848420582,0.243936099388253,0.20760597013022,0.200025517555811,0.183890182878853,0.184692805596352,0.20086181489975,0.219461242103281,0.234884859341964,0.232193132426616,0.234090161315703,0.225157934633519,0.242411271476521,0.172231622273711,0.0820628677307155,0.208685497811615,0.221820818393698,0.21416228715577,0.316597611503778,0.276853252647504,0.308628904182107
,,,,,,,,,,,,,,,,,,,,,,,,,,,,,,,,,,,,,,,,,,,,,,,,,,,,,,,,,,,,,,,,,,,,,,,,,,,,,,,,,,,,,,,,,,,,,,,,,,,,,
COST And EXPENSES,,,,,,,,,,,,,,,,,,,,,,,,,,,,,,,,,,,,,,,,,,,,,,,,,,,,,,,,,,,,,,,,,,,,,,,,,,,,,,,,,,,,,,,,,,,,,,,,,,,,,
,ResearchAndDevelopmentExpenses,0.0,0.0,0.0,0.0,0.0,0.0,0.0,0.0,0.0,0.0,0.0,0.0,0.0,0.0,0.0,0.0,0.0,0.0,0.0,0.0,0.0,0.0,0.0,0.0,0.0
,GeneralAndAdministrativeExpenses,278695000.0,274415000.0,251806000.0,236799000.0,0.0,0.0,0.0,0.0,0.0,0.0,0.0,0.0,0.0,0.0,0.0,0.0,0.0,0.0,0.0,0.0,0.0,6250000.0,4400000.0,4700000.0,12700000.0
,SellingAndMarketingExpenses,0.0,0.0,0.0,0.0,0.0,0.0,0.0,0.0,0.0,0.0,0.0,0.0,0.0,0.0,0.0,0.0,0.0,0.0,0.0,0.0,0.0,0.0,0.0,0.0,0.0
,otherExpenses,0.0,0.0,0.0,0.0,0.0,0.0,0.0,0.0,0.0,0.0,0.0,0.0,0.0,0.0,0.0,0.0,0.0,0.0,0.0,0.0,0.0,0.0,0.0,0.0,0.0
,operatingExpenses,528267000.0,492532000.0,456268000.0,425956000.0,161488000.0,149123000.0,140601000.0,132688000.0,127581000.0,117957000.0,105166000.0,108277000.0,94619000.0,88108000.0,85932000.0,94046000.0,93184000.0,87866000.0,0.0,65478000.0,61435000.0,59506000.0,41300000.0,38700000.0,30800000.0
,costAndExpenses,1715952000.0,1789855000.0,1600485000.0,1511998000.0,1313984000.0,1207555000.0,1134775000.0,1029297000.0,963599000.0,1069458000.0,799323000.0,870854000.0,976151000.0,810258000.0,728417000.0,721658000.0,640082000.0,675911000.0,564770000.0,495779000.0,491814000.0,433329000.0,321700000.0,277700000.0,161500000.0
,interestExpense,106721000.0,79496000.0,63226000.0,54089000.0,42366000.0,51241000.0,63997000.0,38966000.0,33800000.0,33641000.0,17515000.0,27548000.0,0.0,0.0,0.0,0.0,0.0,0.0,0.0,0.0,0.0,25099000.0,-16000000.0,0.0,-14300000.0
,,,,,,,,,,,,,,,,,,,,,,,,,,,,,,,,,,,,,,,,,,,,,,,,,,,,,,,,,,,,,,,,,,,,,,,,,,,,,,,,,,,,,,,,,,,,,,,,,,,,,
EBITDA,,,,,,,,,,,,,,,,,,,,,,,,,,,,,,,,,,,,,,,,,,,,,,,,,,,,,,,,,,,,,,,,,,,,,,,,,,,,,,,,,,,,,,,,,,,,,,,,,,,,,
,depreciationAndAmortization,249572000.0,218117000.0,204462000.0,189157000.0,161488000.0,149123000.0,140601000.0,132688000.0,127581000.0,117957000.0,110638000.0,107213000.0,93794000.0,87664000.0,86098000.0,89968000.0,86377000.0,82242000.0,68413000.0,65478000.0,61435000.0,53256000.0,36800000.0,34000000.0,18100000.0
,EBITDA,497324000.0,699837000.0,615530000.0,584377000.0,448790000.0,341492000.0,260472000.0,224188000.0,188376000.0,215545000.0,179947000.0,213347000.0,269799000.0,217942000.0,196533000.0,178297000.0,168188000.0,116729000.0,118903000.0,113479000.0,122680000.0,95627000.0,125400000.0,86800000.0,45500000.0
,EBITDARatio,0.253258128516314,0.308084478830767,0.305997405984332,0.306402833865872,0.28026848420582,0.243936099388253,0.20760597013022,0.200025517555811,0.183890182878853,0.184692805596352,0.207161375588281,0.218372180620438,0.234168810473582,0.231721061182134,0.234288050812301,0.22012328592928,0.232981896208995,0.164314933319069,0.193256509443162,0.208685497811615,0.221820818393698,0.201023754467101,0.305630026809651,0.262632375189107,0.240868184224457
,,,,,,,,,,,,,,,,,,,,,,,,,,,,,,,,,,,,,,,,,,,,,,,,,,,,,,,,,,,,,,,,,,,,,,,,,,,,,,,,,,,,,,,,,,,,,,,,,,,,,
INCOME,,,,,,,,,,,,,,,,,,,,,,,,,,,,,,,,,,,,,,,,,,,,,,,,,,,,,,,,,,,,,,,,,,,,,,,,,,,,,,,,,,,,,,,,,,,,,,,,,,,,,
,operatingIncome,247752000.0,481720000.0,411068000.0,395220000.0,287302000.0,192369000.0,119871000.0,91500000.0,60795000.0,97588000.0,69309000.0,106134000.0,176005000.0,130278000.0,110435000.0,88329000.0,81811000.0,34487000.0,50490000.0,48001000.0,61245000.0,42371000.0,88600000.0,52800000.0,27400000.0
,operatingIncomeRatio,0.12616565429413,0.212064316608521,0.204353551708556,0.207223295921075,0.179419541543484,0.137413888182501,0.0955416906442136,0.0816383341497167,0.0593472823932979,0.0836196688048286,0.0797909816815406,0.108633882913608,0.152761431611691,0.138514634208579,0.131650159980545,0.109049898331702,0.113328429559505,0.048546026312011,0.0820628677307155,0.0882728309242709,0.110738637288246,0.0890708429682573,0.21593955642213,0.159757942511346,0.145050291159344
,totalOtherIncomeExpensesNet,-24598000.0,-3259000.0,-7750000.0,7318000.0,-2317000.0,8200000.0,-11802000.0,6695000.0,-272000.0,-9146000.0,2003000.0,2610000.0,24770000.0,10355000.0,7913000.0,-9247000.0,-45655000.0,-3051000.0,6294000.0,9678000.0,-72000.0,3522000.0,-700000.0,1200000.0,-1500000.0
,incomeBeforeTax,116433000.0,398965000.0,340092000.0,348449000.0,242619000.0,149328000.0,44072000.0,59229000.0,27092000.0,55520000.0,53797000.0,79594000.0,166013000.0,100651000.0,75010000.0,37623000.0,-8516000.0,-14005000.0,16663000.0,24801000.0,27195000.0,20794000.0,70200000.0,33700000.0,9000000.0
,incomeBeforeTaxRatio,0.0592925410346977,0.175633646258653,0.169069370779691,0.182700142301509,0.151515094742601,0.106668647726591,0.035127039818403,0.0528454305284543,0.0264468554091492,0.0475731033738173,0.0619330165133221,0.081468759084042,0.144088994893053,0.10701451087465,0.0894198261433483,0.0464488936242187,-0.0117967621240267,-0.019714300997469,0.027082859279004,0.0456085181507227,0.0491719689942664,0.0437124237965104,0.171094321228369,0.10196671709531,0.0476442562202223
,incomeTaxExpense,7378000.0,75472000.0,-61138000.0,116731000.0,93165000.0,34718000.0,15866000.0,21619000.0,10701000.0,21098000.0,18022000.0,30644000.0,63086000.0,39254000.0,29254000.0,14485000.0,-2557000.0,-5478000.0,7390000.0,11170000.0,11857000.0,8003000.0,29100000.0,14000000.0,4200000.0
,netIncome,98833000.0,301163000.0,379898000.0,210553000.0,149754000.0,114754000.0,28478000.0,37743000.0,16453000.0,34489000.0,30385000.0,48950000.0,102927000.0,61397000.0,45756000.0,23138000.0,-5959000.0,-8527000.0,7565000.0,13631000.0,15338000.0,12791000.0,41000000.0,19700000.0,4700000.0
,netIncomeRatio,0.0503298867853811,0.132578937521323,0.188858061408275,0.110397972334573,0.0935210824299969,0.0819715927436061,0.0226980359400181,0.0336751436700848,0.0160612030136842,0.0295523912510732,0.0349802908481382,0.050102969534938,0.089334256819389,0.065278734678949,0.0545459747369023,0.0285658905636757,-0.00825468594376175,-0.0120031306394444,0.0122956148620096,0.0250671227334584,0.0277330266752733,0.0268887954593231,0.0999268827687058,0.059606656580938,0.0248808893594494
,,,,,,,,,,,,,,,,,,,,,,,,,,,,,,,,,,,,,,,,,,,,,,,,,,,,,,,,,,,,,,,,,,,,,,,,,,,,,,,,,,,,,,,,,,,,,,,,,,,,,
EPS,,,,,,,,,,,,,,,,,,,,,,,,,,,,,,,,,,,,,,,,,,,,,,,,,,,,,,,,,,,,,,,,,,,,,,,,,,,,,,,,,,,,,,,,,,,,,,,,,,,,,
,EPS,2.45,7.46,9.4,5.36,4.13,3.16,0.79,1.05,0.46,0.96,0.84,1.34,2.67,1.58,1.21,0.65,-0.170000000855848,-0.24,0.21,0.54,0.44,0.370088536543024,1.17816,0.64,0.2186
,EPSDiluted,2.42,7.32,9.13,5.22,4.01,3.07,0.77,1.03,0.45,0.94,0.83,1.33,2.64,1.56,1.19,0.64,-0.168888082977416,-0.24,0.21,0.53,0.44,0.367610288834603,1.17816,0.64,0.2186
,weightedAverageShsOut,40227000.0,40349000.0,40397000.0,39251000.0,36276000.0,36342000.0,35931000.0,35859000.0,36004000.0,36009000.0,36212000.0,36546000.0,38616000.0,38858861.0,37814876.0,35596923.0,35052941.0,35529167.0,36023810.0,25242593.0,34859091.0,34562000.0,34800000.0,30979448.0,21500000.0
,weightedAverageShsOutDil,40273000.0,41158000.0,41618000.0,40366000.0,37312000.0,37406000.0,37057000.0,36733000.0,36004000.0,36754000.0,36212000.0,36673000.0,38616000.0,39357051.0,38450420.0,36153125.0,35283721.0,35529167.0,36023810.0,25718868.0,34859091.0,34795000.0,34800000.0,30979448.0,21500000.0
