date,,2020-09-27_FY,2019-09-30_FY,2019-09-29_FY,2018-09-30_FY,2017-10-01_FY,2017-09-30_FY,2016-10-02_FY,2016-09-30_FY,2015-09-30_FY,2014-09-30_FY,2013-09-30_FY,2012-09-30_FY,2011-10-02_FY,2011-09-30_FY,2010-10-03_FY,2010-09-30_FY,2009-09-30_FY,2009-09-27_FY,2008-09-30_FY,2008-09-28_FY,2007-09-30_FY,2006-09-30_FY,2005-10-02_FY,2005-09-30_FY,2004-09-30_FY,2003-09-30_FY,2002-09-29_FY,2001-09-30_FY,2000-09-30_FY,1999-09-30_FY
,revenue,3044000000.0,4388000000.0,4388000000.0,4178000000.0,3347000000.0,3347000000.0,3199000000.0,3199000000.0,3505000000.0,3766000000.0,3701000000.0,4418000000.0,4622000000.0,4622000000.0,0.0,3590000000.0,4108000000.0,0.0,7167000000.0,0.0,6449000000.0,9195000000.0,0.0,8903000000.0,8033000000.0,7788000000.0,6882000000.0,6805000000.0,5153000000.0,4450000000.0
,costOfRevenue,2716000000.0,3748000000.0,3748000000.0,3524000000.0,2863000000.0,2863000000.0,2763000000.0,2763000000.0,3043000000.0,3279000000.0,3308000000.0,3933000000.0,4146000000.0,4146000000.0,45000000.0,3171000000.0,3804000000.0,49000000.0,6514000000.0,49000000.0,5957000000.0,8607000000.0,28000000.0,8267000000.0,7366000000.0,7044000000.0,6142000000.0,6074000000.0,4267000000.0,3798000000.0
,grossProfit,328000000.0,640000000.0,640000000.0,654000000.0,484000000.0,484000000.0,436000000.0,436000000.0,462000000.0,487000000.0,393000000.0,485000000.0,476000000.0,476000000.0,-45000000.0,419000000.0,304000000.0,-49000000.0,653000000.0,-49000000.0,492000000.0,588000000.0,-28000000.0,636000000.0,667000000.0,744000000.0,740000000.0,731000000.0,886000000.0,652000000.0
,grossProfitRatio,0.107752956636005,0.145852324521422,0.145852324521422,0.156534226902824,0.144607110845533,0.144607110845533,0.136292591434823,0.136292591434823,0.131811697574893,0.12931492299522,0.106187516887328,0.109778180172024,0.10298572046733,0.10298572046733,0.0,0.116713091922006,0.0740019474196689,0.0,0.0911120413004046,0.0,0.0762908978136145,0.0639477977161501,0.0,0.0714365944063799,0.0830324909747292,0.0955315870570108,0.10752688172043,0.107421013960323,0.171938676499127,0.146516853932584
,,,,,,,,,,,,,,,,,,,,,,,,,,,,,,,,,,,,,,,,,,,,,,,,,,,,,,,,,,,,,,,,,,,,,,,,,,,,,,,,,,,,,,,,,,,,,,,,,,,,,
COST And EXPENSES,,,,,,,,,,,,,,,,,,,,,,,,,,,,,,,,,,,,,,,,,,,,,,,,,,,,,,,,,,,,,,,,,,,,,,,,,,,,,,,,,,,,,,,,,,,,,,,,,,,,,
,ResearchAndDevelopmentExpenses,0.0,0.0,75000000.0,0.0,69000000.0,0.0,68000000.0,0.0,0.0,0.0,0.0,0.0,73000000.0,0.0,0.0,0.0,0.0,0.0,0.0,0.0,0.0,0.0,0.0,0.0,0.0,0.0,0.0,0.0,0.0,0.0
,GeneralAndAdministrativeExpenses,-221000000.0,281000000.0,256000000.0,285000000.0,264000000.0,235000000.0,213000000.0,240000000.0,299000000.0,235000000.0,346000000.0,258000000.0,278000000.0,0.0,-67000000.0,0.0,0.0,-110000000.0,0.0,-110000000.0,0.0,0.0,-75000000.0,0.0,0.0,0.0,388000000.0,428000000.0,348000000.0,0.0
,SellingAndMarketingExpenses,0.0,0.0,0.0,0.0,0.0,0.0,0.0,0.0,0.0,0.0,0.0,0.0,0.0,0.0,0.0,0.0,0.0,0.0,0.0,0.0,0.0,0.0,0.0,0.0,0.0,0.0,0.0,0.0,0.0,0.0
,otherExpenses,181000000.0,40000000.0,89000000.0,1000000.0,79000000.0,2000000.0,61000000.0,-1000000.0,5000000.0,0.0,3000000.0,7000000.0,85000000.0,0.0,66000000.0,0.0,0.0,-3000000.0,0.0,-3000000.0,0.0,0.0,3000000.0,0.0,0.0,0.0,0.0,0.0,0.0,0.0
,operatingExpenses,2712000000.0,263000000.0,331000000.0,326000000.0,333000000.0,256000000.0,281000000.0,217000000.0,298000000.0,257000000.0,356000000.0,280000000.0,351000000.0,280000000.0,3398000000.0,3398000000.0,291000000.0,-110000000.0,447000000.0,-110000000.0,371000000.0,670000000.0,6257000000.0,6257000000.0,392000000.0,413000000.0,397000000.0,452000000.0,510000000.0,0.0
,costAndExpenses,2676000000.0,4011000000.0,4079000000.0,3850000000.0,3196000000.0,3119000000.0,3044000000.0,2980000000.0,3341000000.0,3536000000.0,3664000000.0,4213000000.0,4497000000.0,4426000000.0,44000000.0,3466000000.0,4095000000.0,-61000000.0,6961000000.0,-61000000.0,6328000000.0,9277000000.0,-47000000.0,8656000000.0,7758000000.0,7457000000.0,6539000000.0,6526000000.0,4777000000.0,4065000000.0
,interestExpense,66000000.0,57000000.0,61000000.0,67000000.0,122000000.0,119000000.0,87000000.0,84000000.0,105000000.0,130000000.0,126000000.0,95000000.0,-98000000.0,0.0,124000000.0,106000000.0,86000000.0,83000000.0,0.0,83000000.0,0.0,0.0,110000000.0,0.0,0.0,0.0,-108000000.0,0.0,0.0,0.0
,,,,,,,,,,,,,,,,,,,,,,,,,,,,,,,,,,,,,,,,,,,,,,,,,,,,,,,,,,,,,,,,,,,,,,,,,,,,,,,,,,,,,,,,,,,,,,,,,,,,,
EBITDA,,,,,,,,,,,,,,,,,,,,,,,,,,,,,,,,,,,,,,,,,,,,,,,,,,,,,,,,,,,,,,,,,,,,,,,,,,,,,,,,,,,,,,,,,,,,,,,,,,,,,
,depreciationAndAmortization,101000000.0,87000000.0,87000000.0,84000000.0,75000000.0,75000000.0,67000000.0,67000000.0,65000000.0,67000000.0,67000000.0,63000000.0,66000000.0,66000000.0,70000000.0,70000000.0,81000000.0,81000000.0,145000000.0,145000000.0,129000000.0,172000000.0,0.0,182000000.0,183000000.0,214000000.0,196000000.0,24000000.0,162000000.0,11000000.0
,EBITDA,433000000.0,464000000.0,450000000.0,412000000.0,282000000.0,303000000.0,271000000.0,286000000.0,229000000.0,297000000.0,104000000.0,268000000.0,240000000.0,262000000.0,-55000000.0,194000000.0,94000000.0,-81000000.0,351000000.0,-17000000.0,250000000.0,90000000.0,-104000000.0,429000000.0,458000000.0,545000000.0,539000000.0,303000000.0,538000000.0,396000000.0
,EBITDARatio,0.142247043363995,0.105742935278031,0.102552415679125,0.0986117759693633,0.0842545563190917,0.0905288317896624,0.0847139731165989,0.0894029384182557,0.0653352353780314,0.0788635156664897,0.0281005133747636,0.0606609325486646,0.0519255733448723,0.0566854175681523,0.0,0.0540389972144847,0.0228821811100292,0.0,0.0489744663038928,0.0,0.038765700108544,0.00978792822185971,0.0,0.048186004717511,0.0570148138926926,0.0699794555726759,0.0783202557396106,0.0445260837619397,0.104405200853872,0.0889887640449438
,,,,,,,,,,,,,,,,,,,,,,,,,,,,,,,,,,,,,,,,,,,,,,,,,,,,,,,,,,,,,,,,,,,,,,,,,,,,,,,,,,,,,,,,,,,,,,,,,,,,,
INCOME,,,,,,,,,,,,,,,,,,,,,,,,,,,,,,,,,,,,,,,,,,,,,,,,,,,,,,,,,,,,,,,,,,,,,,,,,,,,,,,,,,,,,,,,,,,,,,,,,,,,,
,operatingIncome,332000000.0,377000000.0,363000000.0,328000000.0,207000000.0,228000000.0,204000000.0,219000000.0,164000000.0,230000000.0,37000000.0,205000000.0,174000000.0,196000000.0,-125000000.0,124000000.0,13000000.0,-162000000.0,206000000.0,-162000000.0,121000000.0,-82000000.0,-104000000.0,247000000.0,275000000.0,331000000.0,343000000.0,279000000.0,376000000.0,385000000.0
,operatingIncomeRatio,0.109067017082786,0.0859161349134002,0.0827256153144941,0.0785064624222116,0.0618464296384822,0.0681207051090529,0.063769928102532,0.0684588934041888,0.0467902995720399,0.0610727562400425,0.00999729802756012,0.0464010864644636,0.0376460406750325,0.0424058848983124,0.0,0.0345403899721448,0.00316455696202532,0.0,0.0287428491698061,0.0,0.0187625988525353,-0.0089178901576944,0.0,0.0277434572615972,0.0342337856342587,0.0425012840267078,0.0498401627433886,0.0409992652461425,0.0729672035707355,0.0865168539325843
,totalOtherIncomeExpensesNet,46000000.0,57000000.0,50000000.0,17000000.0,39000000.0,272000000.0,34000000.0,20000000.0,8000000.0,215000000.0,134000000.0,27000000.0,37000000.0,58000000.0,53000000.0,42000000.0,-288000000.0,-3000000.0,15000000.0,-3000000.0,-26000000.0,-291000000.0,3000000.0,-102000000.0,4000000.0,8000000.0,0.0,-80000000.0,82000000.0,-26000000.0
,incomeBeforeTax,326000000.0,377000000.0,295000000.0,278000000.0,381000000.0,381000000.0,155000000.0,155000000.0,67000000.0,315000000.0,45000000.0,137000000.0,82000000.0,159000000.0,-196000000.0,60000000.0,-361000000.0,-203000000.0,141000000.0,-203000000.0,-23000000.0,-216000000.0,-206000000.0,31000000.0,179000000.0,208000000.0,235000000.0,63000000.0,359000000.0,333000000.0
,incomeBeforeTaxRatio,0.107095926412615,0.0859161349134002,0.067228805834093,0.0665390138822403,0.113833283537496,0.113833283537496,0.0484526414504533,0.0484526414504533,0.0191155492154066,0.0836431226765799,0.012158875979465,0.0310095065640561,0.0177412375594981,0.0344006923409779,0.0,0.0167130919220056,-0.0878773125608569,0.0,0.019673503557974,0.0,-0.00356644440998604,-0.0234910277324633,0.0,0.00348197236886443,0.022283082285572,0.0267077555213148,0.0341470502760825,0.00925789860396767,0.0696681544731225,0.0748314606741573
,incomeTaxExpense,-78000000.0,82000000.0,82000000.0,149000000.0,52000000.0,52000000.0,-424000000.0,-424000000.0,1000000.0,31000000.0,63000000.0,56000000.0,77000000.0,77000000.0,-439000000.0,48000000.0,707000000.0,85000000.0,217000000.0,85000000.0,-8000000.0,-56000000.0,80000000.0,-5000000.0,44000000.0,68000000.0,75000000.0,21000000.0,141000000.0,129000000.0
,netIncome,249000000.0,291000000.0,291000000.0,117000000.0,324000000.0,324000000.0,573000000.0,573000000.0,64000000.0,249000000.0,-22000000.0,52000000.0,63000000.0,63000000.0,-1188000000.0,12000000.0,-1212000000.0,-101000000.0,-101000000.0,-101000000.0,-219000000.0,-175000000.0,12000000.0,12000000.0,-42000000.0,136000000.0,107000000.0,35000000.0,218000000.0,194000000.0
,netIncomeRatio,0.0818002628120894,0.0663172288058341,0.0663172288058341,0.0280038295835328,0.096803107260233,0.096803107260233,0.179118474523289,0.179118474523289,0.0182596291012839,0.0661178969729156,-0.00594433936773845,0.0117700316885469,0.013630463003029,0.013630463003029,0.0,0.00334261838440111,-0.295034079844206,0.0,-0.0140923677968467,0.0,-0.0339587532950845,-0.0190320826536161,0.0,0.00134786027181849,-0.00522843271505042,0.0174627632254751,0.0155478058703865,0.00514327700220426,0.0423054531340966,0.0435955056179775
,,,,,,,,,,,,,,,,,,,,,,,,,,,,,,,,,,,,,,,,,,,,,,,,,,,,,,,,,,,,,,,,,,,,,,,,,,,,,,,,,,,,,,,,,,,,,,,,,,,,,
EPS,,,,,,,,,,,,,,,,,,,,,,,,,,,,,,,,,,,,,,,,,,,,,,,,,,,,,,,,,,,,,,,,,,,,,,,,,,,,,,,,,,,,,,,,,,,,,,,,,,,,,
,EPS,3.45353675450763,3.574939,3.37788,1.378092,3.528,3.658291,6.41079,6.347926,0.676533,2.546012,-0.225873,0.538860103626943,0.67,0.667003,-12.624867162593,0.127557,-16.378378,-1.07332624867163,-1.4,-1.40278,-3.11,-2.52,0.175182481751825,0.175182481751825,-0.623145400593472,2.03,1.59226,0.529500756429652,4.12,3.75
,EPSDiluted,3.45353675450763,3.37,3.37788,1.28,3.528,3.59,6.41079,5.99,0.64,2.51,-0.225873,0.534979423868313,0.65,0.65,-12.624867162593,0.127557,-16.72,-1.07332624867163,-1.4,-1.40278,-3.11,-2.52,0.175182481751825,0.171673819742489,-0.612244897959184,2.0,1.59226,0.52710843373494,4.12,3.75
,weightedAverageShsOut,72100000.0,81400000.0,86148648.0,84900000.0,91836734.0,88565934.0,89380530.0,86800000.0,94600000.0,97800000.0,97400000.0,96500000.0,94600000.0,94600000.0,94100000.0,94100000.0,72500000.0,94100000.0,72100000.0,72000000.0,70500000.0,69300000.0,68500000.0,68500000.0,67400000.0,66900000.0,67200000.0,66100000.0,52900000.0,51800000.0
,weightedAverageShsOutDil,72100000.0,86300000.0,86148648.0,91200000.0,91836734.0,90200000.0,89380530.0,92000000.0,100100000.0,99200000.0,97400000.0,97200000.0,94600000.0,96900000.0,94100000.0,94100000.0,72500000.0,94100000.0,72100000.0,72000000.0,70500000.0,69300000.0,68500000.0,69900000.0,68600000.0,67900000.0,67200000.0,66400000.0,52900000.0,51800000.0
