date,,2020-12-31_FY,2019-12-31_FY,2018-12-31_FY,2017-12-31_FY,2016-12-31_FY,2015-12-31_FY,2014-12-31_FY,2013-12-31_FY,2012-12-31_FY,2011-12-31_FY,2010-12-31_FY
,revenue,11264300000.0,14034600000.0,14362300000.0,12826553000.0,11594553000.0,12699411000.0,17209919000.0,18083335000.0,19655436000.0,18919216000.0,15592117000.0
,costOfRevenue,9821400000.0,12908100000.0,13273600000.0,11764615000.0,10578439000.0,11740898000.0,16092587000.0,17116484000.0,18726832000.0,17987670000.0,14771158000.0
,grossProfit,1442900000.0,1126500000.0,1088700000.0,1061938000.0,1016114000.0,958513000.0,1117332000.0,966851000.0,928604000.0,931546000.0,820959000.0
,grossProfitRatio,0.128094954857381,0.0802659142405199,0.075802622142693,0.0827921577995273,0.0876371861856166,0.0754769650340476,0.0649237221860254,0.0534664098187641,0.047244131343614,0.0492380868213567,0.052652183151268
,,,,,,,,,,,,,,,,,,,,,,,,,,,,,,,,,,,,,,,,,,,,,,,,,,,,,,,,,,,,,,,,,,,,,,,,,,,,,,,,,,,,,,,,,,,,,,,,,,,,,
COST And EXPENSES,,,,,,,,,,,,,,,,,,,,,,,,,,,,,,,,,,,,,,,,,,,,,,,,,,,,,,,,,,,,,,,,,,,,,,,,,,,,,,,,,,,,,,,,,,,,,,,,,,,,,
,ResearchAndDevelopmentExpenses,0.0,0.0,0.0,0.0,0.0,0.0,0.0,0.0,0.0,0.0,0.0
,GeneralAndAdministrativeExpenses,171100000.0,144600000.0,136200000.0,141171000.0,122669000.0,129277000.0,120901000.0,132999000.0,0.0,0.0,0.0
,SellingAndMarketingExpenses,0.0,0.0,0.0,0.0,0.0,0.0,0.0,0.0,0.0,0.0,0.0
,otherExpenses,300000.0,500000.0,50600000.0,2180000.0,3080000.0,-463000.0,11160000.0,169000.0,92000.0,311000.0,207000.0
,operatingExpenses,883500000.0,858200000.0,813500000.0,774795000.0,716249000.0,703749000.0,722861000.0,701928000.0,0.0,0.0,0.0
,costAndExpenses,10704900000.0,13766300000.0,14087100000.0,12539410000.0,11294688000.0,12444647000.0,16815448000.0,17818412000.0,19447462000.0,18607975000.0,15360886000.0
,interestExpense,51200000.0,54900000.0,52900000.0,46660000.0,39704000.0,33531000.0,36646000.0,14509000.0,505000.0,408000.0,3835000.0
,,,,,,,,,,,,,,,,,,,,,,,,,,,,,,,,,,,,,,,,,,,,,,,,,,,,,,,,,,,,,,,,,,,,,,,,,,,,,,,,,,,,,,,,,,,,,,,,,,,,,
EBITDA,,,,,,,,,,,,,,,,,,,,,,,,,,,,,,,,,,,,,,,,,,,,,,,,,,,,,,,,,,,,,,,,,,,,,,,,,,,,,,,,,,,,,,,,,,,,,,,,,,,,,
,depreciationAndAmortization,161000000.0,152200000.0,134000000.0,116966000.0,98610000.0,86568000.0,79234000.0,74130000.0,76622000.0,64879000.0,60698000.0
,EBITDA,720400000.0,420500000.0,409200000.0,404109000.0,398475000.0,341332000.0,473705000.0,339053000.0,284596000.0,376120000.0,291929000.0
,EBITDARatio,0.0639542625817849,0.0299616661678993,0.0284912583639111,0.031505658613035,0.0343674309824622,0.0268777819695732,0.027525115022331,0.0187494729263159,0.0144792514396526,0.0198803163936603,0.0187228584803462
,,,,,,,,,,,,,,,,,,,,,,,,,,,,,,,,,,,,,,,,,,,,,,,,,,,,,,,,,,,,,,,,,,,,,,,,,,,,,,,,,,,,,,,,,,,,,,,,,,,,,
INCOME,,,,,,,,,,,,,,,,,,,,,,,,,,,,,,,,,,,,,,,,,,,,,,,,,,,,,,,,,,,,,,,,,,,,,,,,,,,,,,,,,,,,,,,,,,,,,,,,,,,,,
,operatingIncome,559400000.0,268300000.0,275200000.0,287143000.0,299865000.0,254764000.0,394471000.0,264923000.0,207974000.0,311241000.0,231231000.0
,operatingIncomeRatio,0.0496613193895759,0.0191170393171163,0.0191612763972344,0.0223866069083408,0.0258625752972107,0.0200610878725005,0.0229211421622612,0.0146501184654269,0.0105809914366692,0.0164510516714858,0.0148299939001227
,totalOtherIncomeExpensesNet,-100000.0,-14200000.0,49500000.0,-1770000.0,91292000.0,-5121000.0,11354000.0,6164000.0,-61901000.0,-52000.0,260000.0
,incomeBeforeTax,509100000.0,202400000.0,273900000.0,240022000.0,352031000.0,218289000.0,369423000.0,257677000.0,145740000.0,310813000.0,227766000.0
,incomeBeforeTaxRatio,0.045195884342569,0.0144215011471649,0.0190707616468114,0.0187128997167049,0.030361756938797,0.0171889074225568,0.0214657024242822,0.0142494180415283,0.00741474266966146,0.0164284291695808,0.0146077662193017
,incomeTaxExpense,123000000.0,47600000.0,60300000.0,-5242000.0,130539000.0,80698000.0,126341000.0,101351000.0,62172000.0,122960000.0,85029000.0
,netIncome,386100000.0,154800000.0,213600000.0,245264000.0,221492000.0,176340000.0,243863000.0,235033000.0,83568000.0,324020000.0,157441000.0
,netIncomeRatio,0.0342764308479,0.0110298832884443,0.014872269761807,0.0191215831720338,0.0191031081577703,0.0138856833596456,0.0141699098060833,0.0129972153919617,0.0042516482463172,0.0171265024935494,0.0100974742557409
,,,,,,,,,,,,,,,,,,,,,,,,,,,,,,,,,,,,,,,,,,,,,,,,,,,,,,,,,,,,,,,,,,,,,,,,,,,,,,,,,,,,,,,,,,,,,,,,,,,,,
EPS,,,,,,,,,,,,,,,,,,,,,,,,,,,,,,,,,,,,,,,,,,,,,,,,,,,,,,,,,,,,,,,,,,,,,,,,,,,,,,,,,,,,,,,,,,,,,,,,,,,,,
,EPS,12.2206748116731,4.9,6.54,6.85,5.64,4.06,5.29,5.03,1.299276,6.93,3.36974
,EPSDiluted,12.2206748116731,4.86,6.48,6.78,5.59,4.02,5.26,5.02,1.294059,6.93,3.352733
,weightedAverageShsOut,29111000.0,31594000.0,32674000.0,35816000.0,39269000.0,43434000.0,46104000.0,46743000.0,47625000.0,46743000.0,46722000.0
,weightedAverageShsOutDil,29111000.0,31858000.0,32983000.0,36156000.0,39646000.0,43794000.0,46417000.0,46858000.0,47817000.0,46743000.0,46959000.0
