Date,2018-12-31,2017-12-31,2016-12-31,2015-12-31,2014-12-31,2013-12-31,2012-12-31,2011-12-31,2010-12-31,2009-12-31
Revenue,88254000.0,82830000.0,82564000.0,67337000.0,48097000.0,47636000.0,22273000.0,16073000.0,12171000.0,10209000.0
Revenue Growth,0.0654835204636001,0.00322174313260016,0.22613125027845,0.400024949581055,0.00967755479049458,1.13873299510618,0.385740060971816,0.320598143127105,0.192183367616809,0.1431
Cost of Revenue,0.0,0.0,0.0,0.0,0.0,0.0,0.0,0.0,0.0,0.0
Gross Profit,88254000.0,82830000.0,82564000.0,67337000.0,48097000.0,47636000.0,22273000.0,16073000.0,12171000.0,10209000.0
R&D Expenses,0.0,0.0,0.0,0.0,0.0,0.0,0.0,0.0,0.0,0.0
SG&A Expense,62469000.0,60839000.0,60340000.0,50398000.0,38628000.0,36703000.0,12995000.0,9520000.0,6624000.0,5997000.0
Operating Expenses,72878000.0,70500000.0,69209000.0,57848000.0,45194000.0,42633000.0,16439000.0,12359000.0,9139000.0,8163000.0
Operating Income,15376000.0,12330000.0,13355000.0,9489000.0,2903000.0,5003000.0,5834000.0,3714000.0,3032000.0,2046000.0
Interest Expense,0.0,0.0,0.0,0.0,0.0,0.0,0.0,0.0,0.0,0.0
Earnings before Tax,15376000.0,12330000.0,17290000.0,9702000.0,2327000.0,5003000.0,5834000.0,3714000.0,3032000.0,1860000.0
Income Tax Expense,3373000.0,4755000.0,4378000.0,2886000.0,248000.0,983000.0,1666000.0,1012000.0,795000.0,454000.0
Net Income - Non-Controlling int,0.0,0.0,0.0,0.0,0.0,0.0,0.0,0.0,0.0,0.0
Net Income - Discontinued ops,0.0,0.0,-3935000.0,-213000.0,576000.0,0.0,0.0,0.0,0.0,0.0
Net Income,12003000.0,7575000.0,12912000.0,6816000.0,2079000.0,4020000.0,4168000.0,2702000.0,2237000.0,1406000.0
Preferred Dividends,489000.0,498000.0,1128000.0,575000.0,332000.0,85000.0,136000.0,44000.0,0.0,0.0
Net Income Com,11514000.0,7077000.0,11784000.0,6241000.0,1747000.0,3935000.0,4032000.0,2658000.0,2237000.0,1406000.0
EPS,1.04,0.69,1.44,0.78,0.22,0.59,0.92,0.62,0.7,0.44
EPS Diluted,1.0,0.68,1.31,0.77,0.22,0.57,0.9,0.605,0.69,0.43
Weighted Average Shs Out,11540770.0,10444627.0,8083500.0,8061921.0,8083439.0,6911530.0,4493676.0,4469534.0,3267660.0,3259942.0
Weighted Average Shs Out (Dil),11030984.0,10308738.0,8212021.0,8014316.0,7905468.0,6657093.0,4388650.0,4295780.0,3196864.0,3203972.0
Dividend per Share,0.11,0.075,0.08,0.08,0.08,0.075,0.035,0.0,0.0,0.0
Gross Margin,1.0,1.0,1.0,1.0,1.0,1.0,1.0,1.0,1.0,1.0
EBITDA Margin,0.208,0.181,0.251,0.187,0.074,0.125,0.286,0.26,0.286,0.226
EBIT Margin,0.1742,0.1489,0.2094,0.1441,0.0484,0.105,0.2619,0.2311,0.2491,0.1822
Profit Margin,0.13,0.085,0.143,0.093,0.036,0.083,0.181,0.165,0.184,0.138
Free Cash Flow margin,0.0453,0.3456,0.2928,-0.3721,0.304,-0.1122,-0.6642,-0.0877,0.3891,-0.0324
EBITDA,18314000.0,15021000.0,20697000.0,12610000.0,3572000.0,5939000.0,6367000.0,4180000.0,3479000.0,2305000.0
EBIT,15376000.0,12330000.0,17290000.0,9702000.0,2327000.0,5003000.0,5834000.0,3714000.0,3032000.0,1860000.0
Consolidated Income,12003000.0,7575000.0,12912000.0,6816000.0,2079000.0,4020000.0,4168000.0,2702000.0,2237000.0,1406000.0
Earnings Before Tax Margin,0.1742,0.1489,0.2094,0.1441,0.0484,0.105,0.2619,0.2311,0.2491,0.1822
Net Profit Margin,0.136,0.0915,0.1564,0.1012,0.0432,0.0844,0.1871,0.1681,0.1838,0.1377
