Date,2018-12-31,2017-12-31,2016-12-31,2015-12-31,2014-12-31,2013-12-31,2012-12-31,2011-12-31,2010-12-31,2009-12-31
Revenue,17607000.0,9634000.0,14761000.0,9188000.0,3485000.0,5852000.0,8365000.0,5617000.0,4740000.0,3833000.0
Revenue Growth,0.8276,-0.3473,0.6066,1.6364,-0.4045,-0.3004,0.4892,0.185,0.2366,-0.4202
Cost of Revenue,10638000.0,9862000.0,10374000.0,7180000.0,1044000.0,1801000.0,6924000.0,13065000.0,16222000.0,3894000.0
Gross Profit,6969000.0,-228000.0,4387000.0,2008000.0,2441000.0,4051000.0,1441000.0,-7448000.0,-11482000.0,-61000.0
R&D Expenses,24666000.0,15096000.0,12134000.0,8680000.0,9067000.0,10544000.0,12851000.0,15279000.0,21600000.0,24577000.0
SG&A Expense,9523000.0,10156000.0,8743000.0,7879000.0,7005000.0,8757000.0,11252000.0,13314000.0,15252000.0,14540000.0
Operating Expenses,34189000.0,25252000.0,20845000.0,16558000.0,15609000.0,19145000.0,24096000.0,28582000.0,36852000.0,39117000.0
Operating Income,-27220000.0,-25480000.0,-16458000.0,-14550000.0,-13168000.0,-15094000.0,-22655000.0,-36030000.0,-48334000.0,-39178000.0
Interest Expense,0.0,0.0,0.0,0.0,0.0,0.0,0.0,0.0,62000.0,68000.0
Earnings before Tax,-27250000.0,-25486000.0,-16472000.0,-14542000.0,-18120000.0,-13178000.0,-22693000.0,-35808000.0,-47460000.0,-39529000.0
Income Tax Expense,0.0,0.0,0.0,0.0,0.0,0.0,0.0,0.0,0.0,0.0
Net Income - Non-Controlling int,0.0,0.0,0.0,0.0,0.0,0.0,0.0,0.0,0.0,0.0
Net Income - Discontinued ops,0.0,0.0,0.0,0.0,0.0,0.0,0.0,0.0,0.0,0.0
Net Income,-27250000.0,-25486000.0,-16472000.0,-14542000.0,-18120000.0,-13178000.0,-22693000.0,-35808000.0,-47460000.0,-39529000.0
Preferred Dividends,0.0,0.0,0.0,0.0,0.0,0.0,0.0,0.0,0.0,0.0
Net Income Com,-27250000.0,-25486000.0,-16472000.0,-14542000.0,-18120000.0,-13178000.0,-22693000.0,-35808000.0,-47460000.0,-39529000.0
EPS,-0.31,-0.35,-0.32,-0.31,-0.44,-0.47,-1.05,-2.57,-4.17,-4.29
EPS Diluted,-0.31,-0.35,-0.32,-0.31,-0.44,-0.47,-1.05,-2.57,-4.17,-4.29
Weighted Average Shs Out,93073343.0,78594000.0,53944000.0,47232000.0,44448000.0,31657000.0,25080000.0,14729125.0,11907750.0,9659125.0
Weighted Average Shs Out (Dil),86983000.0,72786000.0,51958000.0,46540000.0,41599000.0,28025000.0,21595000.0,13919000.0,11379000.0,9220000.0
Dividend per Share,0.0,0.0,0.0,0.0,0.0,0.0,0.0,0.0,0.0,0.0
Gross Margin,0.3958,-0.0237,0.2972,0.2185,0.7004,0.6922,0.1723,-1.326,-2.4224,-0.0159
EBITDA Margin,-1.443,-2.515,-1.031,-1.522,-5.043,-2.067,-2.518,-5.914,-9.628,-9.998
EBIT Margin,-1.5477,-2.6454,-1.1159,-1.5827,-5.1994,-2.2519,-2.7129,-6.3749,-9.9996,-10.2951
Profit Margin,-1.548,-2.645,-1.116,-1.583,-5.199,-2.252,-2.713,-6.375,-10.013,-10.313
Free Cash Flow margin,-1.3455,-1.9224,-1.0644,-0.7583,-3.7661,-2.221,-2.5193,-5.0607,-10.1439,-8.6277
EBITDA,-25412000.0,-24229000.0,-15225000.0,-13985000.0,-17574000.0,-12097000.0,-21064000.0,-33217000.0,-45635000.0,-38321000.0
EBIT,-27250000.0,-25486000.0,-16472000.0,-14542000.0,-18120000.0,-13178000.0,-22693000.0,-35808000.0,-47398000.0,-39461000.0
Consolidated Income,-27250000.0,-25486000.0,-16472000.0,-14542000.0,-18120000.0,-13178000.0,-22693000.0,-35808000.0,-47460000.0,-39529000.0
Earnings Before Tax Margin,-1.5477,-2.6454,-1.1159,-1.5827,-5.1994,-2.2519,-2.7129,-6.3749,-10.0127,-10.3128
Net Profit Margin,-1.5477,-2.6454,-1.1159,-1.5827,-5.1994,-2.2519,-2.7129,-6.3749,-10.0127,-10.3128
