date,,2020-10-31_FY,2019-10-31_FY,2018-10-31_FY,2017-10-31_FY,2016-10-31_FY,2015-10-31_FY,2014-10-31_FY,2013-10-31_FY,2012-10-31_FY,2011-10-31_FY,2010-10-31_FY,2009-10-31_FY,2008-10-31_FY,2007-10-31_FY,2005-10-31_FY,2004-10-31_FY,2003-10-31_FY,2002-10-31_FY,2001-10-31_FY,2000-10-31_FY,1999-10-31_FY,1998-10-31_FY,1997-10-31_FY,1996-10-31_FY,1995-10-31_FY,1994-10-31_FY
,revenue,7503000000.0,11251000000.0,10250000000.0,8570000000.0,8111000000.0,10140000000.0,10806000000.0,10775000000.0,12948000000.0,13758000000.0,12145000000.0,11569000000.0,14724000000.0,12295000000.0,12124000000.0,9713000000.0,7340000000.0,6784000000.0,6722000000.0,8407000000.0,8582000000.0,7830000000.0,6321000000.0,5705000000.0,6292000000.0,5305000000.0
,costOfRevenue,6221000000.0,9245000000.0,8317000000.0,7037000000.0,6812000000.0,8670000000.0,9534000000.0,9761000000.0,11670000000.0,11262000000.0,9741000000.0,9366000000.0,11930000000.0,10131000000.0,10250000000.0,8159000000.0,6238000000.0,5840000000.0,5611000000.0,6595000000.0,6688000000.0,6339000000.0,5387000000.0,4726000000.0,5413000000.0,4428000000.0
,grossProfit,1282000000.0,2006000000.0,1933000000.0,1533000000.0,1299000000.0,1470000000.0,1272000000.0,1014000000.0,1278000000.0,2496000000.0,2404000000.0,2203000000.0,2794000000.0,2164000000.0,1874000000.0,1554000000.0,1102000000.0,944000000.0,1111000000.0,1812000000.0,1894000000.0,1491000000.0,934000000.0,979000000.0,879000000.0,877000000.0
,grossProfitRatio,0.170864987338398,0.178295262643321,0.188585365853659,0.178879813302217,0.160152878806559,0.144970414201183,0.117712382009994,0.0941067285382831,0.0987025023169602,0.181421718273005,0.197941539728283,0.190422681303483,0.189758217875577,0.176006506710045,0.154569449026724,0.159991763615773,0.150136239782016,0.139150943396226,0.165278191014579,0.21553467348638,0.220694476811932,0.190421455938697,0.147761430153457,0.171603856266433,0.139701207883026,0.165315739868049
,,,,,,,,,,,,,,,,,,,,,,,,,,,,,,,,,,,,,,,,,,,,,,,,,,,,,,,,,,,,,,,,,,,,,,,,,,,,,,,,,,,,,,,,,,,,,,,,,,,,,
COST And EXPENSES,,,,,,,,,,,,,,,,,,,,,,,,,,,,,,,,,,,,,,,,,,,,,,,,,,,,,,,,,,,,,,,,,,,,,,,,,,,,,,,,,,,,,,,,,,,,,,,,,,,,,
,ResearchAndDevelopmentExpenses,321000000.0,319000000.0,297000000.0,251000000.0,247000000.0,288000000.0,331000000.0,406000000.0,539000000.0,532000000.0,464000000.0,433000000.0,380000000.0,382000000.0,413000000.0,245000000.0,242000000.0,260000000.0,253000000.0,280000000.0,281000000.0,192000000.0,124000000.0,0.0,0.0,0.0
,GeneralAndAdministrativeExpenses,0.0,0.0,0.0,0.0,0.0,0.0,0.0,0.0,0.0,0.0,0.0,0.0,0.0,0.0,0.0,0.0,0.0,0.0,718000000.0,634000000.0,702000000.0,601000000.0,424000000.0,739000000.0,499000000.0,604000000.0
,SellingAndMarketingExpenses,0.0,0.0,0.0,0.0,0.0,0.0,0.0,0.0,0.0,0.0,0.0,0.0,0.0,0.0,0.0,0.0,0.0,0.0,0.0,0.0,0.0,0.0,0.0,0.0,0.0,0.0
,otherExpenses,-32000000.0,-164000000.0,46000000.0,21000000.0,76000000.0,30000000.0,12000000.0,65000000.0,-37000000.0,0.0,0.0,0.0,0.0,0.0,0.0,0.0,0.0,0.0,0.0,0.0,0.0,0.0,0.0,0.0,0.0,0.0
,operatingExpenses,1342000000.0,1253000000.0,1219000000.0,1129000000.0,1049000000.0,1196000000.0,1310000000.0,1621000000.0,1983000000.0,1966000000.0,1870000000.0,1777000000.0,1833000000.0,1843000000.0,1480000000.0,1106000000.0,1026000000.0,1009000000.0,971000000.0,1113000000.0,1157000000.0,952000000.0,668000000.0,840000000.0,580000000.0,676000000.0
,costAndExpenses,7563000000.0,10498000000.0,9536000000.0,8166000000.0,7861000000.0,9866000000.0,10844000000.0,11382000000.0,13653000000.0,13228000000.0,11611000000.0,11143000000.0,13763000000.0,11974000000.0,11730000000.0,9265000000.0,7264000000.0,6849000000.0,6582000000.0,7708000000.0,7845000000.0,7291000000.0,6055000000.0,5566000000.0,5993000000.0,5104000000.0
,interestExpense,268000000.0,312000000.0,327000000.0,351000000.0,327000000.0,307000000.0,314000000.0,321000000.0,259000000.0,247000000.0,253000000.0,251000000.0,0.0,0.0,0.0,0.0,0.0,0.0,0.0,0.0,0.0,0.0,0.0,0.0,0.0,0.0
,,,,,,,,,,,,,,,,,,,,,,,,,,,,,,,,,,,,,,,,,,,,,,,,,,,,,,,,,,,,,,,,,,,,,,,,,,,,,,,,,,,,,,,,,,,,,,,,,,,,,
EBITDA,,,,,,,,,,,,,,,,,,,,,,,,,,,,,,,,,,,,,,,,,,,,,,,,,,,,,,,,,,,,,,,,,,,,,,,,,,,,,,,,,,,,,,,,,,,,,,,,,,,,,
,depreciationAndAmortization,199000000.0,193000000.0,211000000.0,223000000.0,225000000.0,281000000.0,332000000.0,417000000.0,323000000.0,328000000.0,316000000.0,344000000.0,393000000.0,380000000.0,330000000.0,256000000.0,191000000.0,220000000.0,217000000.0,199000000.0,174000000.0,159000000.0,120000000.0,101000000.0,81000000.0,72000000.0
,EBITDA,139000000.0,946000000.0,925000000.0,627000000.0,475000000.0,555000000.0,294000000.0,-190000000.0,-382000000.0,858000000.0,850000000.0,770000000.0,1354000000.0,701000000.0,724000000.0,704000000.0,267000000.0,155000000.0,357000000.0,898000000.0,911000000.0,698000000.0,386000000.0,240000000.0,380000000.0,273000000.0
,EBITDARatio,0.0185259229641477,0.0840814149853346,0.0902439024390244,0.0731621936989498,0.0585624460609049,0.0547337278106509,0.0272071071626874,-0.0176334106728538,-0.0295026258881681,0.0623637156563454,0.0699876492383697,0.0665571786671277,0.0919587068731323,0.0570150467669784,0.0597162652589904,0.072480181200453,0.0363760217983651,0.0228478773584906,0.0531091936923535,0.106815748780778,0.106152412025169,0.0891443167305236,0.0610662869799082,0.042068361086766,0.0603941513032422,0.0514608859566447
,,,,,,,,,,,,,,,,,,,,,,,,,,,,,,,,,,,,,,,,,,,,,,,,,,,,,,,,,,,,,,,,,,,,,,,,,,,,,,,,,,,,,,,,,,,,,,,,,,,,,
INCOME,,,,,,,,,,,,,,,,,,,,,,,,,,,,,,,,,,,,,,,,,,,,,,,,,,,,,,,,,,,,,,,,,,,,,,,,,,,,,,,,,,,,,,,,,,,,,,,,,,,,,
,operatingIncome,-60000000.0,753000000.0,714000000.0,404000000.0,250000000.0,274000000.0,-38000000.0,-607000000.0,-705000000.0,530000000.0,534000000.0,426000000.0,961000000.0,321000000.0,394000000.0,448000000.0,76000000.0,-65000000.0,140000000.0,699000000.0,737000000.0,539000000.0,266000000.0,139000000.0,299000000.0,201000000.0
,operatingIncomeRatio,-0.0079968012794882,0.0669273842325127,0.0696585365853659,0.0471411901983664,0.0308223400320552,0.0270216962524655,-0.00351656487136776,-0.0563341067285383,-0.0544485634847081,0.0385230411397005,0.0439687114038699,0.0368225430028525,0.065267590328715,0.0261081740544937,0.0324975255691191,0.0461237516730155,0.0103542234332425,-0.0095813679245283,0.0208271347813151,0.0831449982157726,0.0858774178513167,0.0688378033205619,0.0420819490586932,0.024364592462752,0.0475206611570248,0.0378887841658812
,totalOtherIncomeExpensesNet,-60000000.0,-179000000.0,33000000.0,11000000.0,45000000.0,-70000000.0,-204000000.0,-46000000.0,-218000000.0,-163000000.0,9000000.0,184000000.0,-301000000.0,108000000.0,59000000.0,-10000000.0,35000000.0,-530000000.0,17000000.0,-329000000.0,-11000000.0,-24000000.0,50000000.0,49000000.0,50000000.0,32000000.0
,incomeBeforeTax,-388000000.0,262000000.0,420000000.0,64000000.0,-32000000.0,-103000000.0,-556000000.0,-974000000.0,-1182000000.0,320000000.0,290000000.0,359000000.0,191000000.0,-73000000.0,145000000.0,311000000.0,-45000000.0,-769000000.0,-47000000.0,224000000.0,591000000.0,410000000.0,242000000.0,105000000.0,262000000.0,158000000.0
,incomeBeforeTaxRatio,-0.0517126482740237,0.0232868189494267,0.0409756097560976,0.00746791131855309,-0.00394525952410307,-0.0101577909270217,-0.0514528965389598,-0.0903944315545244,-0.0912882298424467,0.0232591946503852,0.0238781391519144,0.0310312040798686,0.012972018473241,-0.00593737291581944,0.0119597492576707,0.0320189436837228,-0.0061307901907357,-0.113354952830189,-0.00699196667658435,0.0266444629475437,0.0688650664180844,0.0523627075351213,0.0382850814744502,0.0184049079754601,0.0416401780038144,0.0297832233741753
,incomeTaxExpense,-59000000.0,19000000.0,52000000.0,10000000.0,33000000.0,51000000.0,26000000.0,-171000000.0,1780000000.0,-1458000000.0,23000000.0,37000000.0,57000000.0,47000000.0,6000000.0,64000000.0,-31000000.0,-293000000.0,-24000000.0,65000000.0,47000000.0,111000000.0,92000000.0,40000000.0,98000000.0,56000000.0
,netIncome,-347000000.0,221000000.0,340000000.0,30000000.0,-97000000.0,-184000000.0,-619000000.0,-898000000.0,-3010000000.0,1723000000.0,223000000.0,320000000.0,134000000.0,-120000000.0,139000000.0,247000000.0,-18000000.0,-536000000.0,-23000000.0,159000000.0,544000000.0,299000000.0,150000000.0,65000000.0,164000000.0,82000000.0
,netIncomeRatio,-0.0462481673997068,0.0196426984268065,0.0331707317073171,0.00350058343057176,-0.0119590679324374,-0.0181459566074951,-0.0572829909309643,-0.0833410672853828,-0.232468334877973,0.125236226195668,0.0183614656237135,0.0276601261993258,0.00910078782939419,-0.00976006506710045,0.0114648630814913,0.0254298363018635,-0.00245231607629428,-0.0790094339622641,-0.00342160071407319,0.018912810752944,0.0633884875320438,0.0381864623243934,0.0237304224015187,0.0113935144609991,0.0260648442466624,0.0154571159283695
,,,,,,,,,,,,,,,,,,,,,,,,,,,,,,,,,,,,,,,,,,,,,,,,,,,,,,,,,,,,,,,,,,,,,,,,,,,,,,,,,,,,,,,,,,,,,,,,,,,,,
EPS,,,,,,,,,,,,,,,,,,,,,,,,,,,,,,,,,,,,,,,,,,,,,,,,,,,,,,,,,,,,,,,,,,,,,,,,,,,,,,,,,,,,,,,,,,,,,,,,,,,,,
,EPS,-3.48,2.23,3.44,0.32258064516129,-1.19,-2.25,-7.6,-11.17,-43.56,23.66,3.11,4.51,1.89,-1.7,1.98,3.54,-0.27,-8.88,-0.39,2.62,8.34,4.16,2.03804347826087,0.49,1.83,0.72
,EPSDiluted,-3.48,2.22,3.41,0.320855614973262,-1.19,-2.25,-7.6,-11.17,-43.56,22.64,3.05,4.46,1.82,-1.7,1.9,3.2,-0.27,-8.88,-0.39,2.58,8.2,4.11,2.00847458444125,0.49,1.83,0.72
,weightedAverageShsOut,99700000.0,99300000.0,98900000.0,93000000.0,81700000.0,81600000.0,81400000.0,80400000.0,69100000.0,72800000.0,71700000.0,71000000.0,70700000.0,70300000.0,70100000.0,69700000.0,68000000.0,60300000.0,59500000.0,60700000.0,65200000.0,69100000.0,73600000.0,73800000.0,74300000.0,74600000.0
,weightedAverageShsOutDil,99700000.0,99500000.0,99600000.0,93500000.0,81700000.0,81600000.0,81400000.0,80400000.0,69100000.0,76100000.0,73200000.0,71800000.0,73200000.0,70300000.0,76300000.0,80100000.0,68000000.0,60300000.0,59500000.0,61500000.0,66400000.0,70000000.0,74683544.0,73800000.0,74300000.0,74600000.0
