Date,2018-12-31,2017-12-31,2016-12-31,2015-12-31,2014-12-31,2013-12-31,2012-12-31,2011-12-31,2010-12-31,2009-12-31
Revenue,1169351.0,1810437.0,21969706.0,13249307.0,6274849.0,1130630.0,0.0,597729.0,617392.0,0.0
Revenue Growth,-0.354105666201033,-0.917593935940699,0.658177744692609,1.11149415707055,4.5498695417599,0.0,-1,-0.0318484852411434,0.0,-1.0
Cost of Revenue,96636.0,3651.0,2297040.0,1754763.0,1586145.0,332815.0,0.0,0.0,0.0,0.0
Gross Profit,1072715.0,1806786.0,19672666.0,11494544.0,4688704.0,797815.0,0.0,0.0,617392.0,0.0
R&D Expenses,4221881.0,4513842.0,8882576.0,12777116.0,16779589.0,23710183.0,0.0,15154365.0,8941046.0,4379614.0
SG&A Expense,7698135.0,11169951.0,12616334.0,16796490.0,15542071.0,15525946.0,0.0,9547779.0,4353136.0,3028500.0
Operating Expenses,11920016.0,15683793.0,21896141.0,30045062.0,32321660.0,39236129.0,0.0,24702144.0,13294182.0,8539237.0
Operating Income,-10847301.0,-13877007.0,-2223475.0,-18550518.0,-27632956.0,-38438314.0,0.0,-24104415.0,-12676790.0,-8539237.0
Interest Expense,0.0,0.0,0.0,0.0,3706170.0,2778780.0,0.0,13330.0,554988.0,1533047.0
Earnings before Tax,-16168571.0,-17789686.0,-14309031.0,-28758195.0,0.0,0.0,0.0,-25047576.0,-52099771.0,-40621333.0
Income Tax Expense,-9753.0,-4062489.0,0.0,-436051.0,0.0,0.0,0.0,-7880143.0,-2134903.0,-1255613.0
Net Income - Non-Controlling int,0.0,0.0,0.0,0.0,0.0,0.0,0.0,0.0,0.0,-240000.0
Net Income - Discontinued ops,0.0,0.0,0.0,0.0,0.0,0.0,0.0,0.0,0.0,0.0
Net Income,-16113937.0,74946066.0,-14308383.0,-27608680.0,-35726669.0,-42699458.0,0.0,5612992.0,-49964868.0,-39365720.0
Preferred Dividends,0.0,0.0,0.0,46000.0,0.0,0.0,0.0,100000.0,8206745.0,480000.0
Net Income Com,-16113937.0,74946066.0,-14308383.0,-27608680.0,-35726669.0,-42699458.0,0.0,5612992.0,-58171613.0,-39845720.0
EPS,-0.09,0.47,-0.09,-0.18,-0.24,-0.35,0.0,0.06,-14.4,-10.8
EPS Diluted,-0.09,0.45,-0.09,-0.18,-0.24,-0.35,0.0,0.06,-14.4,-10.8
Weighted Average Shs Out,170535343.0,161592569.0,155422384.0,151180222.0,148748396.0,121808986.0,0.0,90509326.0,4128669.0,3982514.0
Weighted Average Shs Out (Dil),170535343.0,166016458.0,155422384.0,151180222.0,148748396.0,121808986.0,0.0,90509326.0,4036325.0,3688594.0
Dividend per Share,0.0,0.0,0.0,0.0,0.0,0.0,0.0,0.00110485852033,0.0,0.0
Gross Margin,0.917359287331,0.997983359819,0.895445118838,0.867558129644,0.747221805656,0.705637564897,0.0,0.0,1.0,0.0
EBITDA Margin,-9.14773750568,-7.52438223479,-0.0748367775154,-1.16513082533,-4.189506871,-32.9629233259,0.0,-40.0249377226,-83.126,
EBIT Margin,-9.27634303131,-7.66500408465,-0.101206406677,-1.40011232286,-4.40376429775,-33.997252859,0.0,-40.3266614134,-83.4879,0.0
Profit Margin,-13.7802396372,41.3966716323,-0.651277855061,-2.08378294804,-5.69363007779,-37.7660755508,0.0,9.39052982204,-94.222,
Free Cash Flow margin,3.6167480936,32.616388198,0.161810676939,-1.442719306,-4.81943023649,-32.5939883074,0.0,-27.0922692391,-8.9674,0.0
EBITDA,-10696916.0,-13622420.0,-1644142.0,-15437176.0,-26288523.0,-37268870.0,0.0,-23924066.0,-51321323.0,-38754537.0
EBIT,-10847301.0,-13877007.0,-2223475.0,-18550518.0,-27632956.0,-38438314.0,0.0,-24104415.0,-51544783.0,-39088286.0
Consolidated Income,-16113937.0,74946066.0,-14308383.0,-27608680.0,-35726669.0,-42699458.0,0.0,5612992.0,-49964868.0,-39605720.0
Earnings Before Tax Margin,-13.8269612802,-9.82618340213,-0.651307350221,-2.17054333483,0.0,0.0,0.0,-41.9045687929,-84.3869,0.0
Net Profit Margin,-13.7802396372,41.3966716323,-0.651277855061,-2.08378294804,-5.69363007779,-37.7660755508,0.0,9.39052982204,-80.9289,0.0
