Date,2018-12-31,2017-12-31,2016-12-31,2015-12-31,2014-12-31,2013-12-31,2012-12-31,2011-12-31,2010-12-31,2009-12-31
Revenue,241873000.0,258611000.0,244083000.0,99802000.0,87069000.0,66467000.0,59867000.0,43484000.0,34371000.0,29469000.0
Revenue Growth,-0.064722691610179,0.059520736798548,1.4456724314142,0.146240338122638,0.309958325183926,0.110244375031319,0.376759267776653,0.265136306770242,0.166344294003868,0.4723
Cost of Revenue,149476000.0,138295000.0,133704000.0,56046000.0,46355000.0,34730000.0,33031000.0,24056000.0,18588000.0,14254000.0
Gross Profit,127265000.0,120316000.0,110379000.0,43756000.0,40714000.0,31737000.0,26836000.0,19428000.0,15783000.0,15215000.0
R&D Expenses,3001000.0,3636000.0,4649000.0,4198000.0,2689000.0,2440000.0,2281000.0,0.0,0.0,0.0
SG&A Expense,114224000.0,113298000.0,99692000.0,45193000.0,35807000.0,26123000.0,23344000.0,19837000.0,18746000.0,16943000.0
Operating Expenses,117225000.0,117992000.0,107805000.0,49391000.0,38496000.0,28563000.0,25625000.0,19837000.0,18746000.0,16943000.0
Operating Income,10040000.0,2324000.0,2574000.0,-5635000.0,2218000.0,3174000.0,1211000.0,-409000.0,-2963000.0,-1728000.0
Interest Expense,0.0,0.0,0.0,854000.0,0.0,989000.0,1146000.0,768000.0,710000.0,532000.0
Earnings before Tax,3824000.0,-3481000.0,-7424000.0,-4489000.0,1289000.0,2185000.0,65000.0,0.0,-3303000.0,-2243000.0
Income Tax Expense,1184000.0,-2635000.0,-1701000.0,-1954000.0,157000.0,152000.0,0.0,0.0,0.0,0.0
Net Income - Non-Controlling int,0.0,0.0,0.0,0.0,0.0,0.0,0.0,0.0,0.0,0.0
Net Income - Discontinued ops,0.0,0.0,0.0,0.0,0.0,0.0,0.0,0.0,0.0,0.0
Net Income,2640000.0,-846000.0,-5723000.0,-2535000.0,1132000.0,2033000.0,65000.0,-1177000.0,-3303000.0,-2243000.0
Preferred Dividends,0.0,0.0,0.0,0.0,0.0,0.0,0.0,0.0,0.0,0.0
Net Income Com,2640000.0,-846000.0,-5723000.0,-2535000.0,1132000.0,2033000.0,65000.0,-1177000.0,-3303000.0,-2243000.0
EPS,0.07,-0.14,-0.39,-0.04,0.02,0.04,0.0,-0.03,-0.09,-0.06
EPS Diluted,0.07,-0.14,-0.39,-0.04,0.02,0.04,0.0,-0.03,-0.09,-0.06
Weighted Average Shs Out,85618000.0,79426000.0,77542000.0,60526000.0,53483000.0,48263000.0,45027010.0,0.0,37406192.0,37178575.0
Weighted Average Shs Out (Dil),91568000.0,79426000.0,77542000.0,60526000.0,56016000.0,52775000.0,48715063.0,0.0,37328940.0,34638502.0
Dividend per Share,0.0,0.0,0.0,0.0,0.0,0.0,0.0,0.0,0.0,0.0
Gross Margin,0.526164557433,0.465239297632,0.452219122184,0.438428087613,0.467606151443,0.477485067778,0.448260310355,0.446785024377,0.4592,0.5163
EBITDA Margin,0.133599037511,0.098043006678,0.119959194209,0.0150998977976,0.0910082807888,0.114869032753,0.0846376133763,0.0394627909116,-0.024,-0.018
EBIT Margin,0.0415093871577,0.00898647002641,0.0105455930974,-0.0564617943528,0.0254740493172,0.0477530202958,0.0202281724489,-0.00940575843989,-0.0754,-0.0581
Profit Margin,0.0109148189339,-0.00327132256555,-0.0234469422287,-0.0254002925793,0.0130011829698,0.0305866068876,0.00108574005713,-0.0270674270996,-0.096,-0.076
Free Cash Flow margin,0.126000008269,0.0168090297783,0.0571158171606,0.0418628885193,0.0652126474405,0.00324973295019,-0.0518983747307,-0.0190414865238,-0.0864,-0.0836
EBITDA,32314000.0,25355000.0,29280000.0,1507000.0,7924000.0,7635000.0,5067000.0,1716000.0,-812000.0,-527000.0
EBIT,10040000.0,2324000.0,2574000.0,-5635000.0,2218000.0,3174000.0,1211000.0,-409000.0,-2593000.0,-1711000.0
Consolidated Income,2640000.0,-846000.0,-5723000.0,-2535000.0,1132000.0,2033000.0,65000.0,-1177000.0,-3303000.0,-2243000.0
Earnings Before Tax Margin,0.0158099498497,-0.0134603709819,-0.0304158831217,-0.0449790585359,0.0148043505725,0.0328734560007,0.00108574005713,0.0,-0.0961,-0.0761
Net Profit Margin,0.0109148189339,-0.00327132256555,-0.0234469422287,-0.0254002925793,0.0130011829698,0.0305866068876,0.00108574005713,-0.0270674270996,-0.0961,-0.0761
