Date,2018-12-31,2017-12-31,2016-12-31,2015-12-31,2014-12-31,2013-12-31,2012-12-31,2011-12-31,2010-12-31,2009-12-31
Revenue,227000.0,10213000.0,11115000.0,4740000.0,3717000.0,7137000.0,6067000.0,440000.0,440000.0,0.0
Revenue Growth,-0.977773426025654,-0.0811515969410706,1.34493670886076,0.275221953188055,-0.479192938209332,0.17636393604747,12.7886363636364,0,0.0,-1.0
Cost of Revenue,921000.0,1338000.0,3780000.0,1509000.0,1642000.0,1465000.0,908000.0,268000.0,268000.0,0.0
Gross Profit,7617000.0,8875000.0,7335000.0,3231000.0,2075000.0,5672000.0,5159000.0,172000.0,172000.0,0.0
R&D Expenses,5278000.0,7069000.0,6279000.0,7373000.0,7235000.0,5741000.0,11000.0,1873000.0,1873000.0,999000.0
SG&A Expense,6216000.0,6950000.0,8752000.0,10049000.0,7811000.0,9093000.0,539000.0,4154000.0,4154000.0,1969000.0
Operating Expenses,11494000.0,14019000.0,15031000.0,17422000.0,15046000.0,14834000.0,7203000.0,9195000.0,9195000.0,9305000.0
Operating Income,-3877000.0,-5144000.0,-7696000.0,-14191000.0,-12971000.0,-9162000.0,-2044000.0,-9023000.0,-9023000.0,-9305000.0
Interest Expense,49000.0,47000.0,18000.0,14000.0,0.0,0.0,0.0,0.0,179000.0,60000.0
Earnings before Tax,-4299000.0,-5866000.0,-7938000.0,-14096000.0,-12877000.0,-10283000.0,-16867000.0,-31581000.0,-31581000.0,-14920000.0
Income Tax Expense,13000.0,367000.0,93000.0,13000.0,109000.0,125000.0,78000.0,45000.0,45000.0,1000.0
Net Income - Non-Controlling int,0.0,0.0,0.0,0.0,0.0,0.0,0.0,0.0,0.0,0.0
Net Income - Discontinued ops,0.0,0.0,0.0,0.0,0.0,0.0,0.0,0.0,0.0,0.0
Net Income,-3060000.0,-5291000.0,-7820000.0,-14234000.0,-13080000.0,-9287000.0,-17145000.0,-31626000.0,-31626000.0,-14921000.0
Preferred Dividends,0.0,0.0,0.0,0.0,0.0,0.0,0.0,0.0,0.0,1035000.0
Net Income Com,-3060000.0,-5291000.0,-7820000.0,-14234000.0,-13080000.0,-9287000.0,-17145000.0,-31626000.0,-31626000.0,-15956000.0
EPS,-0.52,-0.12,-0.19,-0.36,-0.37,-0.28,-0.64,-1.73,-17.3,-16.1
EPS Diluted,-0.52,-0.12,-0.19,-0.36,-0.37,-0.28,-0.64,-1.73,-17.3,-16.1
Weighted Average Shs Out,5884.0,45690.0,41202.0,39532.0,35266000.0,33003.0,26784.0,0.0,2178175.0,1645888.0
Weighted Average Shs Out (Dil),5884.0,45690000.0,41202.0,39532000.0,35266.0,33003.0,26784.0,0.0,1829300.0,989800.0
Dividend per Share,0.0,0.0,0.0,0.0,0.0,0.0,0.0,0.0,0.0,0.0
Gross Margin,33.5550660793,0.868990502301,0.65991902834,0.68164556962,0.558245897229,0.794731679978,0.850337893522,0.390909090909,0.3909,0.0
EBITDA Margin,-12.6387665198,-0.468422598649,-0.675573549258,-2.95126582278,-3.45090126446,-1.27014151604,-0.332619086863,-20.4818181818,-71.343,
EBIT Margin,-17.0792951542,-0.503671790855,-0.692397660819,-2.99388185654,-3.48964218456,-1.28373266078,-0.336904565683,-20.5068181818,-71.3682,0.0
Profit Margin,-13.4801762115,-0.518065211006,-0.703553756185,-3.0029535865,-3.5189669088,-1.30124702256,-2.82594362947,-71.8772727273,-71.877,
Free Cash Flow margin,-13.6343612335,-0.708802506609,-0.743229869546,-2.51877637131,-2.40947000269,-0.568025781141,-0.587934728861,-7.29318181818,-7.2932,0.0
EBITDA,-2869000.0,-4784000.0,-7509000.0,-13989000.0,-12827000.0,-9065000.0,-2018000.0,-9012000.0,-31391000.0,-14852000.0
EBIT,-3877000.0,-5144000.0,-7696000.0,-14191000.0,-12971000.0,-9162000.0,-2044000.0,-9023000.0,-31402000.0,-14860000.0
Consolidated Income,-3060000.0,-5291000.0,-7820000.0,-14234000.0,-13080000.0,-9287000.0,-17145000.0,-31626000.0,-31626000.0,-14921000.0
Earnings Before Tax Margin,-18.9383259912,-0.574366004112,-0.714170040486,-2.97383966245,-3.46435297283,-1.44080145719,-2.78012197132,-71.775,-71.775,0.0
Net Profit Margin,-13.4801762115,-0.518065211006,-0.703553756185,-3.0029535865,-3.5189669088,-1.30124702256,-2.82594362947,-71.8772727273,-71.8773,0.0
