Date,2018-12-31,2017-12-31,2016-12-31,2015-12-31,2014-12-31,2013-12-31,2012-12-31,2011-12-31,2010-12-31,2009-12-31
Revenue,116754000.0,119124000.0,112741000.0,89615000.0,84164000.0,83756000.0,73945000.0,64850000.0,58847000.0,52946000.0
Revenue Growth,-0.0199,0.0566,0.2581,0.0648,0.0049,0.1327,0.1402,0.102,0.1115,0.1062
Cost of Revenue,0.0,0.0,0.0,0.0,0.0,0.0,0.0,0.0,0.0,0.0
Gross Profit,116754000.0,119124000.0,112741000.0,89615000.0,84164000.0,83756000.0,73945000.0,64850000.0,58847000.0,52946000.0
R&D Expenses,0.0,0.0,0.0,0.0,0.0,0.0,0.0,0.0,0.0,0.0
SG&A Expense,55639000.0,57094000.0,60551000.0,45029000.0,41127000.0,42903000.0,37490000.0,31902000.0,29312000.0,26566000.0
Operating Expenses,67043000.0,67378000.0,72946000.0,58109000.0,52042000.0,53873000.0,48998000.0,41530000.0,38684000.0,34254000.0
Operating Income,49711000.0,51746000.0,39795000.0,31506000.0,32122000.0,29883000.0,24947000.0,23320000.0,20163000.0,18692000.0
Interest Expense,0.0,0.0,0.0,0.0,0.0,0.0,0.0,0.0,0.0,0.0
Earnings before Tax,49711000.0,51746000.0,39795000.0,31506000.0,32122000.0,29883000.0,24947000.0,23320000.0,20163000.0,18692000.0
Income Tax Expense,9632000.0,26978000.0,13665000.0,11975000.0,11856000.0,10736000.0,8916000.0,6497000.0,6370000.0,6618000.0
Net Income - Non-Controlling int,0.0,0.0,0.0,0.0,0.0,0.0,0.0,0.0,0.0,0.0
Net Income - Discontinued ops,0.0,0.0,0.0,0.0,0.0,0.0,0.0,0.0,0.0,0.0
Net Income,40079000.0,24768000.0,26130000.0,19531000.0,20266000.0,19147000.0,16031000.0,16823000.0,13793000.0,12074000.0
Preferred Dividends,0.0,0.0,0.0,0.0,0.0,0.0,0.0,0.0,0.0,0.0
Net Income Com,40079000.0,24768000.0,26130000.0,19531000.0,20266000.0,19147000.0,16031000.0,16823000.0,13793000.0,12074000.0
EPS,0.87,0.55,0.59,0.46,0.41,0.35,0.3,0.3,0.24,0.2
EPS Diluted,0.85,0.53,0.57,0.45,0.41,0.34,0.29,0.3,0.24,0.2
Weighted Average Shs Out,49542865.0,48879812.0,48332763.0,45565594.0,48980896.0,57939498.0,56420428.0,56992435.0,61071538.0,61968924.0
Weighted Average Shs Out (Dil),46319760.0,45325445.0,44374389.0,42285712.0,49006129.0,54637680.0,54339467.0,56216794.0,58066110.0,59491060.0
Dividend per Share,0.4,0.34,0.31,0.28,0.26,0.49,0.086,0.164,0.135,0.114
Gross Margin,1.0,1.0,1.0,1.0,1.0,1.0,1.0,1.0,1.0,1.0
EBITDA Margin,0.454,0.465,0.389,0.392,0.43,0.405,0.381,0.397,0.378,0.393
EBIT Margin,0.4258,0.4344,0.353,0.3516,0.3817,0.3568,0.3374,0.3596,0.3426,0.353
Profit Margin,0.343,0.208,0.232,0.218,0.241,0.229,0.217,0.259,0.234,0.228
Free Cash Flow margin,0.4348,0.3489,0.3265,0.3618,0.3008,0.3297,0.3135,0.3385,0.3623,0.1834
EBITDA,53057000.0,55361000.0,43833000.0,35101000.0,36178000.0,33957000.0,28144000.0,25750000.0,22244000.0,20820000.0
EBIT,49711000.0,51746000.0,39795000.0,31506000.0,32122000.0,29883000.0,24947000.0,23320000.0,20163000.0,18692000.0
Consolidated Income,40079000.0,24768000.0,26130000.0,19531000.0,20266000.0,19147000.0,16031000.0,16823000.0,13793000.0,12074000.0
Earnings Before Tax Margin,0.4258,0.4344,0.353,0.3516,0.3817,0.3568,0.3374,0.3596,0.3426,0.353
Net Profit Margin,0.3433,0.2079,0.2318,0.2179,0.2408,0.2286,0.2168,0.2594,0.2344,0.228
