date,,2017-12-31_FY,2016-12-31_FY,2015-12-31_FY,2014-12-31_FY,2013-12-31_FY,2012-12-31_FY,2011-12-31_FY,2010-12-31_FY,2009-12-31_FY,2008-12-31_FY,2007-12-31_FY,2006-12-31_FY,2005-12-31_FY,2004-12-31_FY
,revenue,1767000000.0,1472000000.0,1557000000.0,2288000000.0,1789000000.0,2567000000.0,2471000000.0,1883000000.0,1338000000.0,2225000000.0,1783000000.0,1673000000.0,1762000000.0,1352700000.0
,costOfRevenue,831000000.0,886000000.0,1175000000.0,1155000000.0,735000000.0,1299000000.0,783000000.0,452000000.0,322000000.0,0.0,0.0,0.0,0.0,0.0
,grossProfit,936000000.0,586000000.0,382000000.0,1133000000.0,1054000000.0,1268000000.0,1688000000.0,1431000000.0,1016000000.0,2225000000.0,1783000000.0,1673000000.0,1762000000.0,1352700000.0
,grossProfitRatio,0.529711375212224,0.398097826086957,0.245343609505459,0.495192307692308,0.589155953046395,0.493961823139852,0.683124241197896,0.759957514604355,0.759342301943199,1.0,1.0,1.0,1.0,1.0
,,,,,,,,,,,,,,,,,,,,,,,,,,,,,,,,,,,,,,,,,,,,,,,,,,,,,,,,,,,,,,,,,,,,,,,,,,,,,,,,,,,,,,,,,,,,,,,,,,,,,
COST And EXPENSES,,,,,,,,,,,,,,,,,,,,,,,,,,,,,,,,,,,,,,,,,,,,,,,,,,,,,,,,,,,,,,,,,,,,,,,,,,,,,,,,,,,,,,,,,,,,,,,,,,,,,
,ResearchAndDevelopmentExpenses,0.0,0.0,0.0,0.0,0.0,0.0,0.0,0.0,0.0,0.0,0.0,0.0,0.0,0.0
,GeneralAndAdministrativeExpenses,415000000.0,457000000.0,529000000.0,543000000.0,632000000.0,732000000.0,185000000.0,156000000.0,144000000.0,141000000.0,155000000.0,124000000.0,104000000.0,90300000.0
,SellingAndMarketingExpenses,0.0,0.0,0.0,0.0,0.0,0.0,0.0,0.0,0.0,0.0,0.0,0.0,0.0,0.0
,otherExpenses,7000000.0,5000000.0,-14000000.0,-6000000.0,0.0,-4000000.0,0.0,0.0,0.0,0.0,0.0,0.0,0.0,0.0
,operatingExpenses,421000000.0,477000000.0,539000000.0,558000000.0,635000000.0,747000000.0,952000000.0,800000000.0,739000000.0,3127000000.0,1252000000.0,1086000000.0,894000000.0,749700000.0
,costAndExpenses,1252000000.0,1363000000.0,1714000000.0,1713000000.0,1370000000.0,2046000000.0,1735000000.0,1252000000.0,1061000000.0,3127000000.0,1252000000.0,1086000000.0,894000000.0,749700000.0
,interestExpense,89000000.0,103000000.0,131000000.0,147000000.0,152000000.0,137000000.0,93000000.0,156000000.0,126000000.0,112000000.0,55000000.0,43000000.0,26000000.0,31900000.0
,,,,,,,,,,,,,,,,,,,,,,,,,,,,,,,,,,,,,,,,,,,,,,,,,,,,,,,,,,,,,,,,,,,,,,,,,,,,,,,,,,,,,,,,,,,,,,,,,,,,,
EBITDA,,,,,,,,,,,,,,,,,,,,,,,,,,,,,,,,,,,,,,,,,,,,,,,,,,,,,,,,,,,,,,,,,,,,,,,,,,,,,,,,,,,,,,,,,,,,,,,,,,,,,
,depreciationAndAmortization,0.0,0.0,0.0,0.0,0.0,0.0,0.0,0.0,0.0,0.0,0.0,0.0,0.0,0.0
,EBITDA,989000000.0,686000000.0,746000000.0,1472000000.0,1349000000.0,1472000000.0,1503000000.0,1333000000.0,864000000.0,-205000000.0,1213000000.0,1211000000.0,1389000000.0,1074400000.0
,EBITDARatio,0.55970571590266,0.466032608695652,0.4791265253693,0.643356643356643,0.754052543320291,0.573432021815349,0.608255766895993,0.707912904938927,0.645739910313901,-0.0921348314606742,0.680314077397644,0.723849372384937,0.788308740068104,0.794263325201449
,,,,,,,,,,,,,,,,,,,,,,,,,,,,,,,,,,,,,,,,,,,,,,,,,,,,,,,,,,,,,,,,,,,,,,,,,,,,,,,,,,,,,,,,,,,,,,,,,,,,,
INCOME,,,,,,,,,,,,,,,,,,,,,,,,,,,,,,,,,,,,,,,,,,,,,,,,,,,,,,,,,,,,,,,,,,,,,,,,,,,,,,,,,,,,,,,,,,,,,,,,,,,,,
,operatingIncome,515000000.0,109000000.0,-157000000.0,575000000.0,419000000.0,521000000.0,736000000.0,631000000.0,277000000.0,-902000000.0,531000000.0,587000000.0,868000000.0,603000000.0
,operatingIncomeRatio,0.291454442558008,0.0740489130434783,-0.100834938985228,0.251311188811189,0.234209055338178,0.20296065446046,0.297855119384864,0.335103558151885,0.207025411061285,-0.405393258426966,0.297812675266405,0.350866706515242,0.492622020431328,0.445775116433799
,totalOtherIncomeExpensesNet,-40000000.0,-1214000000.0,-4659000000.0,604000000.0,-97000000.0,-1372000000.0,197000000.0,296000000.0,-1036000000.0,479000000.0,-182000000.0,405000000.0,-299000000.0,-72200000.0
,incomeBeforeTax,386000000.0,-1208000000.0,-4947000000.0,1032000000.0,170000000.0,-988000000.0,840000000.0,829000000.0,-885000000.0,-535000000.0,294000000.0,949000000.0,543000000.0,498900000.0
,incomeBeforeTaxRatio,0.2184493491794,-0.820652173913043,-3.17726396917148,0.451048951048951,0.0950251537171604,-0.384885079859758,0.339943342776204,0.440254912373871,-0.661434977578475,-0.240449438202247,0.16489063376332,0.567244471010161,0.308172531214529,0.368817919716123
,incomeTaxExpense,-41000000.0,22000000.0,-1585000000.0,382000000.0,62000000.0,196000000.0,301000000.0,306000000.0,-343000000.0,-162000000.0,122000000.0,358000000.0,195000000.0,186800000.0
,netIncome,427000000.0,-1230000000.0,-3362000000.0,900000000.0,147000000.0,-1184000000.0,539000000.0,523000000.0,-542000000.0,-373000000.0,450000000.0,591000000.0,348000000.0,312100000.0
,netIncomeRatio,0.241652518392756,-0.835597826086957,-2.15928066795119,0.393356643356643,0.0821688093907211,-0.461238800155824,0.218130311614731,0.277748274030802,-0.4050822122571,-0.167640449438202,0.252383623107123,0.353257621040048,0.197502837684449,0.230723737709766
,,,,,,,,,,,,,,,,,,,,,,,,,,,,,,,,,,,,,,,,,,,,,,,,,,,,,,,,,,,,,,,,,,,,,,,,,,,,,,,,,,,,,,,,,,,,,,,,,,,,,
EPS,,,,,,,,,,,,,,,,,,,,,,,,,,,,,,,,,,,,,,,,,,,,,,,,,,,,,,,,,,,,,,,,,,,,,,,,,,,,,,,,,,,,,,,,,,,,,,,,,,,,,
,EPS,2.14,-6.36,-21.18,6.59,1.08888888888889,-8.8,4.03,3.97,-4.18,-2.88,3.52,4.67,2.78,2.675
,EPSDiluted,2.13,-6.36,-21.18,6.52,1.08088235294118,-8.8,3.99,3.91,-4.18,-2.88,3.44,4.58,2.73,2.63
,weightedAverageShsOut,199000000.0,193000000.0,159000000.0,137000000.0,135000000.0,135000000.0,134000000.0,132000000.0,130000000.0,129000000.0,128000000.0,127000000.0,125000000.0,116600000.0
,weightedAverageShsOutDil,200000000.0,193000000.0,159000000.0,138000000.0,136000000.0,135000000.0,135000000.0,134000000.0,130000000.0,129000000.0,131000000.0,129000000.0,128000000.0,118600000.0
