date,,2021-01-02_FY,2019-12-28_FY,2018-12-29_FY,2017-12-30_FY,2016-12-31_FY,2016-01-02_FY,2014-12-27_FY,2013-12-28_FY,2012-12-29_FY,2011-12-31_FY,2011-01-01_FY,2010-01-02_FY,2009-01-03_FY,2007-12-29_FY,2006-12-31_FY,2005-12-31_FY,2004-12-31_FY,2003-12-31_FY,2002-12-31_FY,2001-12-31_FY
,revenue,47234000.0,26103000.0,33529000.0,38322000.0,19655000.0,8012000.0,19200000.0,23000000.0,36900000.0,60729000.0,37900000.0,18500000.0,67000000.0,100100000.0,151448000.0,79856000.0,143659000.0,100375000.0,13994000.0,2660000.0
,costOfRevenue,40503000.0,23533000.0,31228000.0,35866000.0,12259000.0,5915000.0,15200000.0,19900000.0,27500000.0,40468000.0,27900000.0,15500000.0,59500000.0,91300000.0,129181000.0,73892000.0,133503000.0,0.0,12147000.0,0.0
,grossProfit,6731000.0,2570000.0,2301000.0,2456000.0,7396000.0,2097000.0,4000000.0,3100000.0,9400000.0,20261000.0,10000000.0,3000000.0,7500000.0,8800000.0,22267000.0,5964000.0,10156000.0,0.0,1847000.0,0.0
,grossProfitRatio,0.142503281534488,0.0984561161552312,0.0686271585791405,0.0640885131256198,0.376291020096668,0.261732401397903,0.208333333333333,0.134782608695652,0.254742547425474,0.333629732088459,0.263852242744063,0.162162162162162,0.111940298507463,0.0879120879120879,0.147027362527072,0.0746844319775596,0.0706951879102597,0.0,0.131985136487066,0.0
,,,,,,,,,,,,,,,,,,,,,,,,,,,,,,,,,,,,,,,,,,,,,,,,,,,,,,,,,,,,,,,,,,,,,,,,,,,,,,,,,,,,,,,,,,,,,,,,,,,,,
COST And EXPENSES,,,,,,,,,,,,,,,,,,,,,,,,,,,,,,,,,,,,,,,,,,,,,,,,,,,,,,,,,,,,,,,,,,,,,,,,,,,,,,,,,,,,,,,,,,,,,,,,,,,,,
,ResearchAndDevelopmentExpenses,2953000.0,2383000.0,2899000.0,5231000.0,6287000.0,6049000.0,4800000.0,6700000.0,12800000.0,14924000.0,14800000.0,8100000.0,6900000.0,4700000.0,3315000.0,2961000.0,3770000.0,0.0,491000.0,0.0
,GeneralAndAdministrativeExpenses,8247000.0,11677000.0,15774000.0,10079000.0,12143000.0,13429000.0,12900000.0,6300000.0,10100000.0,10705000.0,11000000.0,8300000.0,12900000.0,15900000.0,0.0,0.0,0.0,0.0,0.0,0.0
,SellingAndMarketingExpenses,0.0,0.0,0.0,0.0,0.0,0.0,0.0,0.0,0.0,0.0,0.0,0.0,0.0,0.0,0.0,0.0,0.0,0.0,0.0,0.0
,otherExpenses,0.0,0.0,0.0,0.0,0.0,0.0,0.0,0.0,0.0,0.0,0.0,0.0,0.0,0.0,0.0,0.0,0.0,0.0,0.0,0.0
,operatingExpenses,13568000.0,14060000.0,18673000.0,15310000.0,18430000.0,19478000.0,17800000.0,13000000.0,22900000.0,25629000.0,25800000.0,16400000.0,19800000.0,20600000.0,12506000.0,8023000.0,10084000.0,0.0,2143000.0,0.0
,costAndExpenses,54071000.0,37593000.0,49901000.0,51176000.0,30689000.0,25393000.0,33000000.0,32893000.0,50394000.0,66097000.0,142000.0,172000.0,118000.0,111909000.0,141687000.0,81915000.0,143587000.0,0.0,14290000.0,0.0
,interestExpense,531000.0,945000.0,739000.0,581000.0,594000.0,2069000.0,1574000.0,932000.0,338000.0,228000.0,95000.0,80000.0,2127000.0,0.0,1825000.0,1221000.0,0.0,0.0,0.0,0.0
,,,,,,,,,,,,,,,,,,,,,,,,,,,,,,,,,,,,,,,,,,,,,,,,,,,,,,,,,,,,,,,,,,,,,,,,,,,,,,,,,,,,,,,,,,,,,,,,,,,,,
EBITDA,,,,,,,,,,,,,,,,,,,,,,,,,,,,,,,,,,,,,,,,,,,,,,,,,,,,,,,,,,,,,,,,,,,,,,,,,,,,,,,,,,,,,,,,,,,,,,,,,,,,,
,depreciationAndAmortization,147000.0,172000.0,254000.0,280000.0,287000.0,349000.0,880000.0,1480000.0,1990000.0,2242000.0,2290000.0,2270000.0,2400000.0,1510000.0,904000.0,1031000.0,867000.0,0.0,0.0,0.0
,EBITDA,-6589000.0,-11322000.0,-16129000.0,-12553000.0,-10345000.0,-18108000.0,-12944000.0,-8379000.0,-11684000.0,-3182000.0,-13610000.0,-10552000.0,-10668000.0,-9915000.0,10641000.0,-1007000.0,-447000.0,100375000.0,-296000.0,2660000.0
,EBITDARatio,-0.139496972519795,-0.43374324790254,-0.481046258462823,-0.327566410938886,-0.526329178326126,-2.26010983524713,-0.674166666666667,-0.364304347826087,-0.316639566395664,-0.0523967132671376,-0.35910290237467,-0.570378378378378,-0.159223880597015,-0.099050949050949,0.0702617400031694,-0.0126101983570427,-0.00311153495430151,1.0,-0.0211519222523939,1.0
,,,,,,,,,,,,,,,,,,,,,,,,,,,,,,,,,,,,,,,,,,,,,,,,,,,,,,,,,,,,,,,,,,,,,,,,,,,,,,,,,,,,,,,,,,,,,,,,,,,,,
INCOME,,,,,,,,,,,,,,,,,,,,,,,,,,,,,,,,,,,,,,,,,,,,,,,,,,,,,,,,,,,,,,,,,,,,,,,,,,,,,,,,,,,,,,,,,,,,,,,,,,,,,
,operatingIncome,-7267000.0,-11490000.0,-16372000.0,-12854000.0,-11034000.0,-17381000.0,-13800000.0,-9800000.0,-13500000.0,-5368000.0,-15900000.0,-13400000.0,-12200000.0,-11800000.0,9761000.0,-2059000.0,72000.0,100375000.0,-296000.0,2660000.0
,operatingIncomeRatio,-0.153851039505441,-0.440179289736812,-0.488293715887739,-0.33542090705078,-0.561383871788349,-2.16937094358462,-0.71875,-0.426086956521739,-0.365853658536585,-0.0883926954173459,-0.419525065963061,-0.724324324324324,-0.182089552238806,-0.117882117882118,0.06445116475622,-0.0257839110398718,0.000501186838276753,1.0,-0.0211519222523939,-0.59812030075188
,totalOtherIncomeExpensesNet,0.0,949000.0,750000.0,560000.0,192000.0,3145000.0,1600000.0,1000000.0,500000.0,284000.0,-100000.0,-100000.0,-300000.0,-400000.0,1849000.0,1200000.0,1386000.0,0.0,290000.0,4251000.0
,incomeBeforeTax,-7267000.0,-12439000.0,-17122000.0,-13414000.0,-11226000.0,-20526000.0,-15400000.0,-10800000.0,-14000000.0,-5652000.0,-15800000.0,-13300000.0,-11900000.0,-11400000.0,7912000.0,-3259000.0,-1314000.0,0.0,-586000.0,-1591000.0
,incomeBeforeTaxRatio,-0.153851039505441,-0.476535264145884,-0.510662411643652,-0.350033923072909,-0.571152378529636,-2.56190713929106,-0.802083333333333,-0.469565217391304,-0.37940379403794,-0.0930692091093217,-0.41688654353562,-0.718918918918919,-0.177611940298507,-0.113886113886114,0.0522423538112091,-0.0408109597275095,-0.00914665979855073,0.0,-0.041875089323996,-0.59812030075188
,incomeTaxExpense,1000.0,13000.0,-2000.0,6000.0,5000.0,1000.0,2000.0,9000.0,-12000.0,-53000.0,0.0,-2000.0,5000.0,-4025000.0,2844000.0,-912000.0,-340000.0,0.0,0.0,0.0
,netIncome,-7268000.0,-12452000.0,-17120000.0,-13420000.0,-11231000.0,-20527000.0,-15400000.0,-10800000.0,-14000000.0,-5599000.0,-15100000.0,-12900000.0,-15200000.0,-7400000.0,5068000.0,-2347000.0,-974000.0,-15905000.0,-632000.0,-959000.0
,netIncomeRatio,-0.153872210695685,-0.477033291192583,-0.510602761788303,-0.350190491101717,-0.571406766726024,-2.56203195207189,-0.802083333333333,-0.469565217391304,-0.37940379403794,-0.092196479441453,-0.398416886543536,-0.697297297297297,-0.226865671641791,-0.0739260739260739,0.0334636310812952,-0.0293904027249048,-0.00677994417335496,-0.158455790784558,-0.0451622123767329,-0.360526315789474
,,,,,,,,,,,,,,,,,,,,,,,,,,,,,,,,,,,,,,,,,,,,,,,,,,,,,,,,,,,,,,,,,,,,,,,,,,,,,,,,,,,,,,,,,,,,,,,,,,,,,
EPS,,,,,,,,,,,,,,,,,,,,,,,,,,,,,,,,,,,,,,,,,,,,,,,,,,,,,,,,,,,,,,,,,,,,,,,,,,,,,,,,,,,,,,,,,,,,,,,,,,,,,
,EPS,-0.042108434432973,-0.08406,-0.15989,-0.20484,-0.21,-0.4192,-0.38213,-0.34951,-0.50179,-0.22,-0.63445,-0.64824,-0.76768,-0.37563,0.43,-0.22,-0.09,-1.62,-0.07,-0.11
,EPSDiluted,-0.042108434432973,-0.08406,-0.15989,-0.20484,-0.21,-0.4192,-0.38213,-0.34951,-0.50179,-0.22,-0.63445,-0.64824,-0.76768,-0.37563,0.34,-0.22,-0.09,-1.62,-0.07,-0.11
,weightedAverageShsOut,172602000.0,148132000.0,96516000.0,63056000.0,53784000.0,48471000.0,39911000.0,30599000.0,27680000.0,25086000.0,23422000.0,19855000.0,19845000.0,19674000.0,11705000.0,10673000.0,10671000.0,9831000.0,9200000.0,8840000.0
,weightedAverageShsOutDil,172602000.0,148132000.0,96516000.0,63056000.0,53784000.0,48471000.0,39911000.0,30599000.0,27680000.0,25086000.0,23422000.0,19855000.0,19845000.0,19674000.0,15331000.0,10673000.0,10671000.0,9831000.0,9200000.0,8840000.0
