date,,2020-12-31_FY,2019-12-31_FY,2018-12-31_FY,2017-12-31_FY,2016-12-31_FY,2015-12-31_FY,2014-12-31_FY,2013-12-31_FY,2012-12-31_FY,2011-12-31_FY,2010-12-31_FY,2009-12-31_FY,2008-12-31_FY,2007-12-31_FY,2006-12-31_FY,2005-12-31_FY,2004-12-31_FY,2003-12-31_FY,2002-12-31_FY,2001-12-31_FY,2000-12-31_FY,1999-12-31_FY,1998-12-31_FY,1997-12-31_FY,1996-12-31_FY,1995-12-31_FY
,revenue,21852000000.0,23315000000.0,22563000000.0,23147000000.0,23614000000.0,12499000000.0,12732000000.0,12709000000.0,30176000000.0,38659000000.0,42446000000.0,40984000000.0,50830456740.0,51138467200.0,41120593990.0,34165004150.0,29245323600.0,29403724930.0,30043332220.0,31245821910.0,30460081920.0,19830085660.0,13261420980.0,8819991180.0,6786107620.0,6551244000.0
,costOfRevenue,13659000000.0,14989000000.0,14117000000.0,14008000000.0,15158000000.0,7046000000.0,7094000000.0,7364000000.0,21786000000.0,27340000000.0,29629000000.0,27720000000.0,33415740120.0,33807218170.0,27742061660.0,22191844040.0,18119633840.0,17206630100.0,18294165090.0,19821276760.0,19124859880.0,12262374810.0,8258864760.0,5699085210.0,4837692870.0,4541571912.0
,grossProfit,8193000000.0,8326000000.0,8446000000.0,9139000000.0,8456000000.0,5453000000.0,5638000000.0,5345000000.0,8390000000.0,11319000000.0,12817000000.0,13264000000.0,17414716620.0,17331249030.0,13378532330.0,11973160110.0,11125689760.0,12197094830.0,11749167130.0,11424545150.0,11335222040.0,7567710850.0,5002556220.0,3120905970.0,1948414750.0,2009672088.0
,grossProfitRatio,0.374931356397584,0.357109157194939,0.374329654744493,0.394824383289411,0.35809265689845,0.436274901992159,0.44282123782595,0.420568101345503,0.278035524920467,0.292790811971339,0.301960137586581,0.323638493070467,0.342603976766863,0.338908261802575,0.325348712940613,0.350451007043124,0.380426283263968,0.414814614782209,0.391074034130559,0.36563432970037,0.372133668903803,0.381627743810765,0.377226258599627,0.353844568130282,0.28711816244376,0.306761904761905
,,,,,,,,,,,,,,,,,,,,,,,,,,,,,,,,,,,,,,,,,,,,,,,,,,,,,,,,,,,,,,,,,,,,,,,,,,,,,,,,,,,,,,,,,,,,,,,,,,,,,
COST And EXPENSES,,,,,,,,,,,,,,,,,,,,,,,,,,,,,,,,,,,,,,,,,,,,,,,,,,,,,,,,,,,,,,,,,,,,,,,,,,,,,,,,,,,,,,,,,,,,,,,,,,,,,
,ResearchAndDevelopmentExpenses,4087000000.0,4411000000.0,4620000000.0,4916000000.0,4904000000.0,2126000000.0,2493000000.0,2619000000.0,4782000000.0,5612000000.0,5863000000.0,5909000000.0,5982335520.0,5655684020.0,3896799670.0,3822191370.0,3730447760.0,3753379810.0,3055221820.0,2990724510.0,2591577160.0,1760002090.0,1144269720.0,764544690.0,606619850.0,0.0
,GeneralAndAdministrativeExpenses,0.0,0.0,0.0,0.0,0.0,0.0,0.0,697000000.0,959000000.0,1121000000.0,1115000000.0,1145000000.0,5677759360.0,5568578530.0,3980145570.0,3567209750.0,2972850400.0,3357158840.0,3242003940.0,3449279790.0,2811978340.0,1816648120.0,1381309200.0,939089970.0,605816380.0,1117689021.0
,SellingAndMarketingExpenses,2898000000.0,3101000000.0,3463000000.0,3615000000.0,3819000000.0,1652000000.0,1634000000.0,974000000.0,3205000000.0,3791000000.0,3877000000.0,3933000000.0,0.0,0.0,0.0,0.0,0.0,0.0,0.0,0.0,0.0,0.0,0.0,0.0,0.0,0.0
,otherExpenses,0.0,8000000.0,27000000.0,-37000000.0,-42000000.0,-17000000.0,-48000000.0,-80000000.0,-1747000000.0,0.0,0.0,0.0,0.0,0.0,0.0,0.0,0.0,0.0,0.0,0.0,0.0,0.0,0.0,0.0,0.0,0.0
,operatingExpenses,7167000000.0,7366000000.0,8112000000.0,8485000000.0,8748000000.0,3722000000.0,4127000000.0,4274000000.0,10693000000.0,10524000000.0,10855000000.0,10987000000.0,12435902080.0,9334004830.0,7891341350.0,7337898210.0,6799196560.0,7194705830.0,6965257730.0,8056186880.0,5543036440.0,3648203090.0,2525578920.0,1703634660.0,1213239700.0,1117689021.0
,costAndExpenses,20826000000.0,22355000000.0,22229000000.0,22493000000.0,23906000000.0,10768000000.0,11221000000.0,11638000000.0,32479000000.0,37864000000.0,40484000000.0,38707000000.0,45851642200.0,43141223000.0,35633403010.0,29529742250.0,24918830400.0,24401335930.0,25259422820.0,27877463640.0,24667896320.0,15910577900.0,10784443680.0,7402719870.0,6050932570.0,5659260933.0
,interestExpense,235000000.0,308000000.0,282000000.0,509000000.0,317000000.0,139000000.0,391000000.0,323000000.0,268000000.0,102000000.0,285000000.0,265000000.0,0.0,0.0,0.0,0.0,0.0,0.0,0.0,0.0,0.0,0.0,0.0,0.0,0.0,0.0
,,,,,,,,,,,,,,,,,,,,,,,,,,,,,,,,,,,,,,,,,,,,,,,,,,,,,,,,,,,,,,,,,,,,,,,,,,,,,,,,,,,,,,,,,,,,,,,,,,,,,
EBITDA,,,,,,,,,,,,,,,,,,,,,,,,,,,,,,,,,,,,,,,,,,,,,,,,,,,,,,,,,,,,,,,,,,,,,,,,,,,,,,,,,,,,,,,,,,,,,,,,,,,,,
,depreciationAndAmortization,1132000000.0,1660000000.0,1455000000.0,1591000000.0,1594000000.0,320000000.0,297000000.0,728000000.0,1326000000.0,1562000000.0,1771000000.0,1784000000.0,1620575040.0,1207817070.0,712228600.0,711753330.0,95898400.0,158806000.0,205841520.0,302331790.0,140545680.0,71552880.0,507332700.0,462726810.0,385665600.0,0.0
,EBITDA,2158000000.0,2620000000.0,1789000000.0,2245000000.0,1302000000.0,2051000000.0,1808000000.0,1799000000.0,-977000000.0,2357000000.0,3733000000.0,4061000000.0,6599389580.0,9205061270.0,6199419580.0,5347015230.0,4422391600.0,5161195000.0,4989750920.0,3670690060.0,5932731280.0,3991060640.0,2984310000.0,1879998120.0,1120840650.0,876852813.0
,EBITDARatio,0.0987552626761852,0.11237400814926,0.0792891016265568,0.096988810645008,0.0551367832641653,0.164093127450196,0.142004398366321,0.141553229994492,-0.032376723223754,0.0609689852298301,0.0879470385902087,0.0990874487604919,0.129831404304631,0.180002682403433,0.150761917045936,0.156505622142592,0.151217051330559,0.17552861116362,0.166085136078158,0.117477788568757,0.194770693512304,0.201262904680766,0.225036970359416,0.213151927437642,0.165166942931565,0.133845238095238
,,,,,,,,,,,,,,,,,,,,,,,,,,,,,,,,,,,,,,,,,,,,,,,,,,,,,,,,,,,,,,,,,,,,,,,,,,,,,,,,,,,,,,,,,,,,,,,,,,,,,
INCOME,,,,,,,,,,,,,,,,,,,,,,,,,,,,,,,,,,,,,,,,,,,,,,,,,,,,,,,,,,,,,,,,,,,,,,,,,,,,,,,,,,,,,,,,,,,,,,,,,,,,,
,operatingIncome,1026000000.0,960000000.0,334000000.0,654000000.0,-292000000.0,1731000000.0,1511000000.0,1071000000.0,-2303000000.0,795000000.0,1962000000.0,2277000000.0,4978814540.0,7997244200.0,5487190980.0,4635261900.0,4326493200.0,5002389000.0,4783909400.0,3368358270.0,5792185600.0,3919507760.0,2476977300.0,1417271310.0,735175050.0,891983067.0
,operatingIncomeRatio,0.0469522240527183,0.0411752090928587,0.0148029960554891,0.0282542014083899,-0.0123655458626239,0.138491079286343,0.118677348413446,0.0842709890628688,-0.0763189289501591,0.020564422256137,0.0462234368373934,0.0555582666406403,0.0979494354234677,0.156384120171674,0.133441432809419,0.135672803657482,0.147937949300038,0.170127730820124,0.159233648417179,0.107801877630301,0.190156599552573,0.197654605592864,0.186780685398315,0.160688517831375,0.108335306654037,0.136154761904762
,totalOtherIncomeExpensesNet,-131000000.0,-563000000.0,-480000000.0,-823000000.0,-814000000.0,-106000000.0,-1430000000.0,-665000000.0,-221000000.0,-1891000000.0,109000000.0,-1050000000.0,-941743740.0,1877912060.0,19699940.0,106383060.0,101799840.0,110370170.0,-511744890.0,-1334081170.0,53237000.0,-3975160.0,5968620.0,160908930.0,80347000.0,15130254.0
,incomeBeforeTax,743000000.0,156000000.0,-360000000.0,-510000000.0,-1369000000.0,1540000000.0,-237000000.0,243000000.0,-2644000000.0,-1198000000.0,1786000000.0,962000000.0,4981687900.0,8281194380.0,5722832570.0,4967075730.0,4705660720.0,5281887560.0,4869676700.0,3397579930.0,5737883860.0,3777395790.0,2405353860.0,1386362250.0,746423630.0,864296262.0
,incomeBeforeTaxRatio,0.0340014643968515,0.00669097147758953,-0.0159553250897487,-0.0220330928414049,-0.0579740831710003,0.123209856788543,-0.0186145146088596,0.0191203084428358,-0.0876193001060445,-0.030988902972141,0.0420769919427037,0.0234725746632832,0.0980059637370868,0.16193669527897,0.139171933445118,0.145384900531323,0.160903014251482,0.179633280224677,0.162088434942587,0.108737095787921,0.188373881431767,0.190488122682169,0.181379798109689,0.157184085755514,0.109992896045465,0.131928571428571
,incomeTaxExpense,3256000000.0,138000000.0,189000000.0,927000000.0,-457000000.0,346000000.0,-1408000000.0,202000000.0,1145000000.0,290000000.0,443000000.0,702000000.0,1083256720.0,1524689010.0,1357022790.0,1279973960.0,1434049920.0,1696048080.0,1485680230.0,1193592420.0,1788763200.0,1192548000.0,733287600.0,380908710.0,147838480.0,136874205.0
,netIncome,-2516000000.0,7000000.0,-340000000.0,-1494000000.0,-766000000.0,2466000000.0,3462000000.0,-615000000.0,-3106000000.0,-1164000000.0,1850000000.0,891000000.0,3997562100.0,7216038270.0,4305952270.0,3613646800.0,3204481920.0,3585839480.0,3383996470.0,2203987510.0,3949120660.0,2584847790.0,1741984380.0,1049089860.0,598585150.0,397286154.0
,netIncomeRatio,-0.115138202452865,0.000300235899635428,-0.0150689181403182,-0.0645440013824686,-0.0324383840094859,0.197295783662693,0.27191328934967,-0.0483909040837202,-0.10292948038176,-0.0301094182467213,0.0435847900862272,0.0217401912941636,0.0786450163225506,0.141107832618026,0.104715225442686,0.105770418880514,0.109572455542944,0.121951878156139,0.112637188352471,0.0705370310420489,0.129649049217002,0.130349804550466,0.131357294412654,0.118944547515976,0.088207435472413,0.0606428571428571
,,,,,,,,,,,,,,,,,,,,,,,,,,,,,,,,,,,,,,,,,,,,,,,,,,,,,,,,,,,,,,,,,,,,,,,,,,,,,,,,,,,,,,,,,,,,,,,,,,,,,
EPS,,,,,,,,,,,,,,,,,,,,,,,,,,,,,,,,,,,,,,,,,,,,,,,,,,,,,,,,,,,,,,,,,,,,,,,,,,,,,,,,,,,,,,,,,,,,,,,,,,,,,
,EPS,-0.43,0.00125,-0.06,-0.26,-0.133627080312841,0.67,0.94,-0.17,-0.84,-0.31,0.498811480537185,0.240478300814333,1.068424,1.855139,1.059077,0.827764951333705,0.697658432167928,0.753150251799944,0.712253866991082,0.470343,0.839685,0.5578,0.385493,0.014773,0.116242,0.005849
,EPSDiluted,-0.43,0.001244,-0.06,-0.26,-0.13342351322922,0.63,0.85,-0.17,-0.84,-0.31,0.498215848650104,0.239447127064459,1.048453,1.835084,1.049086,0.826687078880839,0.696575472622984,0.753144082534508,0.706759980384466,0.460336,0.819692,0.540369,0.372977,0.014773,0.116242,0.005849
,weightedAverageShsOut,5612418000.0,5599912000.0,5588020000.0,5651814000.0,5732371000.0,3670934000.0,3698723000.0,3712079000.0,3710845000.0,3709947000.0,3708816000.0,3705116000.0,3743622000.0,3885408000.0,4062833000.0,4365547000.0,4593196000.0,4761121000.0,4751110000.0,4702852000.0,4673162000.0,4593760000.0,4518850524.0,72520192000.0,72591616000.0,4792800000.0
,weightedAverageShsOutDil,5612418000.0,5626375000.0,5588020000.0,5651814000.0,5741117000.0,3949312000.0,4131602000.0,3712079000.0,3710845000.0,3709947000.0,3713250000.0,3721072000.0,3780363000.0,3932008000.0,4086529000.0,4371239000.0,4600337000.0,4761160000.0,4788042000.0,4787219000.0,4792980000.0,4743184000.0,4670489587.0,72520192000.0,72591616000.0,4792800000.0
