Date,2018-12-31,2017-12-31,2016-12-31,2015-12-31,2014-12-31,2013-12-31,2012-12-31,2011-12-31,2010-12-31,2009-12-31
Revenue,113370000.0,112335000.0,116621719.0,115191905.0,112041650.0,111058439.0,106937387.0,114236411.0,99820069.0,79939839.0
Revenue Growth,0.0092,-0.0368,0.0124,0.0281,0.0089,0.0385,-0.0639,0.1444,0.2487,-0.344
Cost of Revenue,100059000.0,100217000.0,102781469.0,103132874.0,98708450.0,97942444.0,94543067.0,100892514.0,88389803.0,74141269.0
Gross Profit,13311000.0,12118000.0,13840250.0,12059031.0,13333200.0,13115995.0,12394320.0,13343897.0,11430266.0,5798570.0
R&D Expenses,0.0,0.0,0.0,0.0,0.0,0.0,0.0,0.0,0.0,0.0
SG&A Expense,12062000.0,12833000.0,13208714.0,12481079.0,12004593.0,11660960.0,10933722.0,11831531.0,10200075.0,10314564.0
Operating Expenses,12062000.0,13386000.0,13211187.0,12481079.0,12004593.0,11660960.0,10933722.0,11831531.0,10200075.0,11282555.0
Operating Income,1249000.0,-1268000.0,629063.0,-422048.0,1328607.0,1455035.0,1460598.0,1512366.0,1230191.0,-5483985.0
Interest Expense,757000.0,628000.0,550289.0,465374.0,367590.0,388793.0,440175.0,511328.0,429123.0,512272.0
Earnings before Tax,492000.0,-2071000.0,78774.0,-887422.0,961017.0,1087376.0,927438.0,1750930.0,881766.0,-6222041.0
Income Tax Expense,326000.0,375000.0,35000.0,-316000.0,81000.0,300000.0,298000.0,561000.0,375000.0,-2387000.0
Net Income - Non-Controlling int,0.0,0.0,0.0,0.0,0.0,0.0,0.0,0.0,0.0,0.0
Net Income - Discontinued ops,0.0,0.0,0.0,0.0,0.0,0.0,0.0,0.0,0.0,0.0
Net Income,166000.0,-2446000.0,43774.0,-571422.0,880017.0,787376.0,629438.0,1189930.0,506766.0,-3835041.0
Preferred Dividends,0.0,0.0,0.0,0.0,0.0,0.0,0.0,0.0,0.0,0.0
Net Income Com,166000.0,-2446000.0,43774.0,-571422.0,880017.0,787376.0,629438.0,1189930.0,506766.0,-3835041.0
EPS,0.06,-0.89,0.02,-0.21,0.32,0.29,0.23,0.43,0.18,-1.4
EPS Diluted,0.06,-0.89,0.02,-0.21,0.32,0.29,0.23,0.43,0.18,-1.4
Weighted Average Shs Out,2673435.0,2739251.0,2747831.0,2746325.0,2742992.0,2742992.0,2742992.0,2742992.0,2742992.0,2738991.0
Weighted Average Shs Out (Dil),2692382.0,2745602.0,2747424.0,2745759.0,2742992.0,2742992.0,2742992.0,2742992.0,2742389.0,2738982.0
Dividend per Share,0.0,0.0,0.0,0.0,0.0,0.0,0.0,0.0,0.0,0.0
Gross Margin,0.1174,0.1079,0.1187,0.1047,0.119,0.1181,0.1159,0.1168,0.1145,0.0725
EBITDA Margin,0.03,0.009,0.025,0.016,0.03,0.031,0.03,0.038,0.03,-0.047
EBIT Margin,0.011,-0.0128,0.0054,-0.0037,0.0119,0.0133,0.0128,0.0198,0.0131,-0.0714
Profit Margin,0.001,-0.022,0.0,-0.005,0.008,0.007,0.006,0.01,0.005,-0.048
Free Cash Flow margin,0.0093,0.0049,0.0136,0.0148,-0.0054,-0.0078,0.0021,-0.0176,0.0227,-0.017
EBITDA,3438000.0,1058000.0,2924700.0,1837044.0,3358759.0,3486400.0,3230116.0,4297922.0,3006865.0,-3785731.0
EBIT,1249000.0,-1443000.0,629063.0,-422048.0,1328607.0,1476169.0,1367613.0,2262258.0,1310889.0,-5709769.0
Consolidated Income,166000.0,-2446000.0,43774.0,-571422.0,880017.0,787376.0,629438.0,1189930.0,506766.0,-3835041.0
Earnings Before Tax Margin,0.0043,-0.0184,0.0007,-0.0077,0.0086,0.0098,0.0087,0.0153,0.0088,-0.0778
Net Profit Margin,0.0015,-0.0218,0.0004,-0.005,0.0079,0.0071,0.0059,0.0104,0.0051,-0.048
