Date,2018-12-31,2017-12-31,2016-12-31,2015-12-31,2014-12-31,2013-12-31,2012-12-31,2011-12-31,2010-12-31,2009-12-31
Revenue,22106000.0,16451000.0,65088000.0,16565000.0,12309000.0,8017000.0,8698000.0,7398000.0,33037000.0,811000.0
Revenue Growth,0.3437,-0.7472,2.9292,0.3458,0.5354,-0.0783,0.1757,-0.7761,39.7361,1.3238
Cost of Revenue,8072000.0,4970000.0,25794000.0,5506000.0,3510000.0,2359000.0,2602000.0,2106000.0,9595000.0,76000.0
Gross Profit,14034000.0,11481000.0,39294000.0,11059000.0,8799000.0,5658000.0,6096000.0,5292000.0,23442000.0,735000.0
R&D Expenses,0.0,0.0,0.0,0.0,0.0,0.0,0.0,0.0,0.0,0.0
SG&A Expense,3890000.0,4312000.0,5372000.0,5205000.0,3193000.0,2735000.0,2438000.0,2456000.0,3771000.0,2413000.0
Operating Expenses,4867000.0,5467000.0,7194000.0,7132000.0,6076000.0,4133000.0,2763000.0,3759000.0,4173000.0,3314000.0
Operating Income,9167000.0,6014000.0,32100000.0,3927000.0,2723000.0,1525000.0,3333000.0,1533000.0,19269000.0,-2579000.0
Interest Expense,0.0,0.0,0.0,0.0,0.0,0.0,0.0,0.0,0.0,0.0
Earnings before Tax,10014000.0,6229000.0,32161000.0,3985000.0,2709000.0,1561000.0,3372000.0,1581000.0,19310000.0,-2578000.0
Income Tax Expense,2308000.0,2096000.0,8938000.0,-122000.0,943000.0,545000.0,746000.0,-6912000.0,74000.0,0.0
Net Income - Non-Controlling int,0.0,0.0,0.0,0.0,0.0,0.0,0.0,0.0,0.0,0.0
Net Income - Discontinued ops,0.0,0.0,0.0,0.0,0.0,0.0,0.0,0.0,0.0,0.0
Net Income,7706000.0,4133000.0,23223000.0,4107000.0,1766000.0,1016000.0,2626000.0,8493000.0,19236000.0,-2578000.0
Preferred Dividends,0.0,0.0,0.0,0.0,0.0,0.0,0.0,0.0,0.0,0.0
Net Income Com,7706000.0,4133000.0,23223000.0,4107000.0,1766000.0,1016000.0,2626000.0,8493000.0,19236000.0,-2578000.0
EPS,0.32,0.17,1.0,0.17,0.07,0.04,0.1,0.33,0.79,-0.11
EPS Diluted,0.3,0.16,0.93,0.17,0.07,0.04,0.09,0.27,0.67,-0.11
Weighted Average Shs Out,23755171.0,24131012.0,23329196.0,23218551.0,24474336.0,25833623.0,25963094.0,25323259.0,24560557.0,24135557.0
Weighted Average Shs Out (Dil),23763785.0,24147908.0,23320065.0,23501987.0,25170346.0,25589238.0,25744330.0,25813038.0,24422567.0,24135557.0
Dividend per Share,0.1,0.1,0.0,0.0,0.0,0.0,0.0,0.0,0.0,0.0
Gross Margin,0.6349,0.6979,0.6037,0.6676,0.7148,0.7058,0.7009,0.7153,0.7096,0.9063
EBITDA Margin,0.453,0.379,0.494,0.241,0.22,0.195,0.388,0.215,0.585,-3.168
EBIT Margin,0.453,0.3786,0.4941,0.2406,0.2201,0.1947,0.3877,0.2137,0.5845,-3.1788
Profit Margin,0.349,0.251,0.357,0.248,0.143,0.127,0.302,1.148,0.582,-3.179
Free Cash Flow margin,0.3661,0.4118,0.4595,0.3401,0.4681,0.3399,0.3073,0.2659,0.6052,-1.8015
EBITDA,10014000.0,6229000.0,32161000.0,3985000.0,2709000.0,1561000.0,3372000.0,1590000.0,19319000.0,-2569000.0
EBIT,10014000.0,6229000.0,32161000.0,3985000.0,2709000.0,1561000.0,3372000.0,1581000.0,19310000.0,-2578000.0
Consolidated Income,7706000.0,4133000.0,23223000.0,4107000.0,1766000.0,1016000.0,2626000.0,8493000.0,19236000.0,-2578000.0
Earnings Before Tax Margin,0.453,0.3786,0.4941,0.2406,0.2201,0.1947,0.3877,0.2137,0.5845,-3.1788
Net Profit Margin,0.3486,0.2512,0.3568,0.2479,0.1435,0.1267,0.3019,1.148,0.5823,-3.1788
