Date,2018-12-31,2017-12-31,2016-12-31,2015-12-31,2014-12-31,2013-12-31,2012-12-31,2011-12-31,2010-12-31,2009-12-31
Revenue,493000.0,1851000.0,2508000.0,2978000.0,2341000.0,136000.0,92000.0,509124000.0,448313000.0,408137000.0
Revenue Growth,-0.7337,-0.262,-0.1578,0.2721,16.2132,0.4783,-0.9998,0.1356,0.0984,-0.3447
Cost of Revenue,73000.0,0.0,740000.0,1949000.0,1073000.0,68000.0,62000.0,479037000.0,409317000.0,367817000.0
Gross Profit,420000.0,1851000.0,1768000.0,1029000.0,1268000.0,68000.0,30000.0,30087000.0,38996000.0,40320000.0
R&D Expenses,0.0,0.0,0.0,0.0,0.0,0.0,0.0,1709000.0,4723000.0,6273000.0
SG&A Expense,21215000.0,9450000.0,8359000.0,13862000.0,13417000.0,7465000.0,4612000.0,19665000.0,26074000.0,33659000.0
Operating Expenses,14487000.0,14023000.0,8359000.0,13862000.0,13417000.0,7465000.0,4612000.0,24325000.0,30797000.0,39932000.0
Operating Income,-14067000.0,-12172000.0,-6591000.0,-12833000.0,-12149000.0,-7397000.0,-4582000.0,5762000.0,8199000.0,388000.0
Interest Expense,0.0,0.0,0.0,360000.0,61000.0,0.0,0.0,0.0,0.0,202000.0
Earnings before Tax,-13254000.0,3944000.0,-9534000.0,-13158000.0,-25588000.0,-1081000.0,69422000.0,2701000.0,18678000.0,2935000.0
Income Tax Expense,0.0,0.0,0.0,0.0,0.0,-1378000.0,2501000.0,2196000.0,3672000.0,1283000.0
Net Income - Non-Controlling int,0.0,0.0,0.0,0.0,0.0,0.0,0.0,0.0,0.0,-2187000.0
Net Income - Discontinued ops,0.0,0.0,0.0,0.0,0.0,4962000.0,-69803000.0,13103000.0,-5140000.0,0.0
Net Income,-13254000.0,3944000.0,-9534000.0,-13158000.0,-25588000.0,297000.0,66921000.0,505000.0,15006000.0,1652000.0
Preferred Dividends,0.0,0.0,0.0,0.0,0.0,0.0,0.0,0.0,0.0,0.0
Net Income Com,-13254000.0,3944000.0,-9534000.0,-13158000.0,-25588000.0,297000.0,66921000.0,505000.0,15006000.0,1652000.0
EPS,-0.35,0.11,-0.26,-0.32,-0.58,0.01,1.49,0.01,0.33,0.04
EPS Diluted,-0.35,0.11,-0.26,-0.32,-0.58,0.01,1.48,0.01,0.33,0.04
Weighted Average Shs Out,37551191.0,36446691.0,36699572.0,42618322.0,45272735.0,44803735.0,44803735.0,44803735.0,44803735.0,44803735.0
Weighted Average Shs Out (Dil),37551191.0,36446691.0,36699572.0,42618322.0,45272735.0,44803735.0,44803735.0,44803735.0,44803735.0,44803735.0
Dividend per Share,0.21,0.28,0.13,0.08,0.08,0.47,0.36,0.22,0.05,0.0
Gross Margin,0.8519,1.0,0.7049,0.3455,0.5416,0.5,0.3261,0.0591,0.087,0.0988
EBITDA Margin,-19.174,2.308,-3.09,-2.896,-8.941,149.074,1038.641,0.037,0.096,0.064
EBIT Margin,-26.8844,2.1307,-3.8014,-4.2975,-10.9043,-7.9485,754.587,0.0053,0.0417,0.0077
Profit Margin,-26.884,2.131,-3.801,-4.418,-10.93,2.184,727.402,0.001,0.033,0.004
Free Cash Flow margin,-82.1278,-12.161,-4.3788,-3.2834,4.7194,658.0368,610.1522,-0.1359,0.0674,0.0291
EBITDA,-9453000.0,4272000.0,-7750000.0,-8625000.0,-20931000.0,20274000.0,95555000.0,18769000.0,43146000.0,26253000.0
EBIT,-13254000.0,3944000.0,-9534000.0,-12798000.0,-25527000.0,-1081000.0,69422000.0,2701000.0,18678000.0,3137000.0
Consolidated Income,-13254000.0,3944000.0,-9534000.0,-13158000.0,-25588000.0,297000.0,66921000.0,505000.0,15006000.0,-535000.0
Earnings Before Tax Margin,-26.8844,2.1307,-3.8014,-4.4184,-10.9304,-7.9485,754.587,0.0053,0.0417,0.0072
Net Profit Margin,-26.8844,2.1307,-3.8014,-4.4184,-10.9304,2.1838,727.4022,0.001,0.0335,0.004
