Date,2018-12-31,2017-12-31,2016-12-31,2015-12-31,2014-12-31,2013-12-31,2012-12-31,2011-12-31,2010-12-31,2009-12-31
Revenue,251134000.0,221992000.0,163903000.0,148514000.0,120618000.0,111509000.0,96168000.0,102828000.0,86620000.0,39318000.0
Revenue Growth,0.131275000900933,0.354410840558135,0.103619860753868,0.231275597340364,0.0816884735761239,0.159522918226437,-0.0647683510327926,0.187116139459709,1.2030622106923,0.009
Cost of Revenue,105900000.0,90805000.0,88623000.0,71434000.0,57005000.0,52438000.0,45014000.0,44832000.0,39204000.0,21731000.0
Gross Profit,145234000.0,131187000.0,75280000.0,77080000.0,63613000.0,59071000.0,51154000.0,57996000.0,47416000.0,17587000.0
R&D Expenses,45451000.0,38956000.0,34998000.0,39703000.0,29498000.0,29578000.0,24594000.0,18677000.0,12445000.0,6865000.0
SG&A Expense,37582000.0,32654000.0,28358000.0,24478000.0,17204000.0,17160000.0,15976000.0,14602000.0,13101000.0,8254000.0
Operating Expenses,84792000.0,73368000.0,65114000.0,65499000.0,46702000.0,46738000.0,40570000.0,33279000.0,25546000.0,15119000.0
Operating Income,60442000.0,57819000.0,10166000.0,11581000.0,16911000.0,12333000.0,10584000.0,24717000.0,21870000.0,2468000.0
Interest Expense,0.0,0.0,0.0,0.0,0.0,0.0,0.0,0.0,0.0,0.0
Earnings before Tax,63426000.0,60095000.0,11382000.0,12224000.0,17474000.0,13026000.0,11952000.0,25618000.0,22175000.0,2631000.0
Income Tax Expense,9051000.0,13636000.0,1738000.0,-3501000.0,-1178000.0,2511000.0,124000.0,-2500000.0,0.0,0.0
Net Income - Non-Controlling int,0.0,0.0,0.0,0.0,0.0,0.0,0.0,0.0,0.0,0.0
Net Income - Discontinued ops,0.0,0.0,0.0,0.0,0.0,0.0,0.0,0.0,0.0,0.0
Net Income,54375000.0,46459000.0,9644000.0,15725000.0,18652000.0,10515000.0,11828000.0,28118000.0,22175000.0,2631000.0
Preferred Dividends,0.0,0.0,0.0,0.0,0.0,0.0,0.0,0.0,0.0,0.0
Net Income Com,54375000.0,46459000.0,9644000.0,15725000.0,18652000.0,10515000.0,11828000.0,28118000.0,22175000.0,2631000.0
EPS,1.94,1.68,0.35,0.58,0.68,0.39,0.44,1.07,0.91,0.14
EPS Diluted,1.89,1.63,0.35,0.57,0.67,0.38,0.43,1.04,0.86,0.13
Weighted Average Shs Out,27898304.0,27351431.0,27093937.0,27137051.0,27280521.0,26681876.0,26467542.0,25374844.0,19974695.0,19378339.0
Weighted Average Shs Out (Dil),28022486.0,27695723.0,27174850.0,27185000.0,27447000.0,27091000.0,26619000.0,26232000.0,24448000.0,19473000.0
Dividend per Share,0.0,0.0,0.0,0.0,0.0,0.0,0.0,0.0,0.0,0.0
Gross Margin,0.5783,0.591,0.4593,0.519,0.5274,0.5297,0.5319,0.564,0.5474,0.4473
EBITDA Margin,0.283,0.299,0.11,0.147,0.178,0.148,0.153,0.266,0.271,0.099
EBIT Margin,0.2526,0.2707,0.0694,0.0823,0.1449,0.1168,0.1243,0.2491,0.256,0.0669
Profit Margin,0.217,0.209,0.059,0.106,0.155,0.094,0.123,0.273,0.256,0.067
Free Cash Flow margin,0.1291,0.2501,-0.0445,0.1442,0.2347,0.0616,0.0422,0.2217,0.2802,-0.0557
EBITDA,71110000.0,66274000.0,17976000.0,21844000.0,21425000.0,16548000.0,14735000.0,27318000.0,23435000.0,3885000.0
EBIT,63426000.0,60095000.0,11382000.0,12224000.0,17474000.0,13026000.0,11952000.0,25618000.0,22175000.0,2631000.0
Consolidated Income,54375000.0,46459000.0,9644000.0,15725000.0,18652000.0,10515000.0,11828000.0,28118000.0,22175000.0,2631000.0
Earnings Before Tax Margin,0.2526,0.2707,0.0694,0.0823,0.1449,0.1168,0.1243,0.2491,0.256,0.0669
Net Profit Margin,0.2165,0.2093,0.0588,0.1059,0.1546,0.0943,0.123,0.2734,0.256,0.0669
