Date,2018-10-31,2017-10-31,2016-10-31,2015-10-31,2014-10-31,2013-10-31,2012-10-31,2011-10-31,2010-10-31,2009-10-31
Revenue,87828590.0,64092848.0,64616001.0,73568738.0,82977732.0,75266038.0,83523330.0,73339591.0,67506174.0,58588560.0
Revenue Growth,0.3703,-0.0081,-0.1217,-0.1134,0.1025,-0.0989,0.1389,0.0864,0.1522,-0.0395
Cost of Revenue,59955390.0,43294921.0,44890865.0,51772851.0,54505370.0,49353746.0,51970244.0,47048370.0,43746220.0,38747590.0
Gross Profit,27873200.0,20797927.0,19725136.0,21795887.0,28472362.0,25912292.0,31553086.0,26291221.0,23759954.0,19840970.0
R&D Expenses,0.0,0.0,0.0,0.0,0.0,0.0,0.0,0.0,0.0,0.0
SG&A Expense,26130956.0,21968757.0,20760735.0,24042554.0,26989262.0,24996440.0,27300248.0,25168893.0,24267614.0,22345311.0
Operating Expenses,26853996.0,22421658.0,21355768.0,24486679.0,27471589.0,25557984.0,27968725.0,26218700.0,30912578.0,23514300.0
Operating Income,1019204.0,-1623731.0,-1630632.0,-2690792.0,1000773.0,354308.0,3584361.0,72521.0,-7152624.0,-3673330.0
Interest Expense,608417.0,523035.0,620810.0,439921.0,413731.0,466601.0,558661.0,624829.0,621750.0,681851.0
Earnings before Tax,1052102.0,-1744209.0,-1772923.0,-2773283.0,951900.0,304951.0,4006652.0,1064568.0,-5641635.0,-2630158.0
Income Tax Expense,-16651.0,-5438.0,5899.0,1482382.0,267673.0,347788.0,1257335.0,398252.0,91290.0,-705659.0
Net Income - Non-Controlling int,0.0,0.0,-22172.0,-41780.0,-61320.0,-29641.0,-123117.0,-208817.0,-277382.0,0.0
Net Income - Discontinued ops,0.0,0.0,0.0,0.0,0.0,0.0,0.0,0.0,0.0,0.0
Net Income,1068753.0,-1738771.0,-1778822.0,-4255665.0,684227.0,-42837.0,2749317.0,666316.0,-5732925.0,-1924499.0
Preferred Dividends,0.0,0.0,0.0,0.0,0.0,0.0,0.0,0.0,0.0,0.0
Net Income Com,1068753.0,-1738771.0,-1778822.0,-4255665.0,684227.0,-42837.0,2749317.0,666316.0,-5732925.0,-1924499.0
EPS,0.14,-0.27,-0.28,-0.69,0.1,-0.01,0.43,0.11,-0.95,-0.34
EPS Diluted,0.14,-0.27,-0.28,-0.69,0.1,-0.01,0.43,0.11,-0.95,-0.34
Weighted Average Shs Out,7694640.0,7334016.0,7098878.0,7075532.0,6871628.0,6575903.0,6486100.0,6305738.0,6404426.0,6548967.0
Weighted Average Shs Out (Dil),7694640.0,7334016.0,7098878.0,7075532.0,6871628.0,6575903.0,6486100.0,6305738.0,6404426.0,6548967.0
Dividend per Share,0.0,0.0,0.0,0.08,0.08,0.08,0.06,0.05,0.0,0.0
Gross Margin,0.3174,0.3245,0.3053,0.2963,0.3431,0.3443,0.3778,0.3585,0.352,0.3386
EBITDA Margin,0.04,0.007,0.014,-0.003,0.041,0.038,0.081,0.06,-0.031,0.019
EBIT Margin,0.0189,-0.0191,-0.0178,-0.0317,0.0165,0.0103,0.0547,0.023,-0.0744,-0.0333
Profit Margin,0.012,-0.027,-0.028,-0.058,0.008,-0.001,0.033,0.009,-0.085,-0.033
Free Cash Flow margin,0.0281,-0.0198,0.0384,-0.0278,0.0172,0.0044,0.0052,0.0118,0.0091,0.0357
EBITDA,3478116.0,454345.0,902864.0,-256876.0,3388279.0,2822985.0,6746413.0,4377547.0,-2064051.0,1132813.0
EBIT,1660519.0,-1221174.0,-1152113.0,-2333362.0,1365631.0,771552.0,4565313.0,1689397.0,-5019885.0,-1948307.0
Consolidated Income,1068753.0,-1738771.0,-1800994.0,-4297445.0,622907.0,-72478.0,2626200.0,457499.0,-6010307.0,-1924499.0
Earnings Before Tax Margin,0.012,-0.0272,-0.0274,-0.0377,0.0115,0.0041,0.048,0.0145,-0.0836,-0.0449
Net Profit Margin,0.0122,-0.0271,-0.0275,-0.0578,0.0082,-0.0006,0.0329,0.0091,-0.0849,-0.0328
