date,,2020-12-26_FY,2019-12-28_FY,2018-12-29_FY,2017-12-30_FY,2016-12-31_FY,2015-12-26_FY,2014-12-27_FY,2013-12-28_FY,2012-12-29_FY,2011-12-31_FY,2010-12-25_FY,2009-12-26_FY,2008-12-27_FY,2007-12-29_FY,2006-12-30_FY,2005-12-31_FY,2004-12-25_FY,2003-12-27_FY,2002-12-28_FY,2001-12-29_FY,2000-12-30_FY,1999-12-25_FY,1998-12-26_FY,1997-12-27_FY,1996-12-28_FY,1995-12-30_FY,1994-12-31_FY,1993-12-31_FY,1992-12-31_FY,1991-12-31_FY,1990-12-31_FY,1989-12-31_FY,1988-12-31_FY,1987-12-31_FY
,revenue,9710000000.0,10647000000.0,11015000000.0,10240000000.0,11021000000.0,11727000000.0,12710000000.0,11242000000.0,10696000000.0,11489533000.0,11633000000.0,12144000000.0,14496000000.0,15528000000.0,15011000000.0,14278944000.0,13565000000.0,12359000000.0,11357000000.0,11154000000.0,11570000000.0,10263000000.0,8998000000.0,6718000000.0,6069000000.0,5313000000.0,4266200000.0,2579500000.0,1733000000.0,1300800000.0,625800000.0,314600000.0,132000000.0,33600000.0
,costOfRevenue,7578000000.0,8183000000.0,8464000000.0,7779000000.0,8313000000.0,8864000000.0,9734000000.0,8616000000.0,7448000000.0,8063087000.0,8276000000.0,8752000000.0,10490000000.0,11025000000.0,10363000000.0,9886921000.0,9309000000.0,8484000000.0,8023000000.0,7984000000.0,8480000000.0,7450000000.0,6484000000.0,5143000000.0,4701000000.0,4110000000.0,3239200000.0,1951600000.0,1313500000.0,986200000.0,467400000.0,234700000.0,98300000.0,25500000.0
,grossProfit,2132000000.0,2464000000.0,2551000000.0,2461000000.0,2708000000.0,2863000000.0,2976000000.0,2626000000.0,3248000000.0,3426446000.0,3357000000.0,3392000000.0,4006000000.0,4503000000.0,4647000000.0,4392023000.0,4256000000.0,3874000000.0,3334000000.0,3170000000.0,3090000000.0,2813000000.0,2513000000.0,1574000000.0,1368000000.0,1203000000.0,1027000000.0,627900000.0,419500000.0,314600000.0,158400000.0,79900000.0,33700000.0,8100000.0
,grossProfitRatio,0.21956745623069,0.231426692965155,0.231593281888334,0.24033203125,0.245712730242265,0.244137460561098,0.234146341463415,0.23358832947874,0.303664921465969,0.29822326111949,0.288575603885498,0.27931488801054,0.276352097130243,0.28999227202473,0.309572979814802,0.307587381811988,0.31374861776631,0.313455781212072,0.293563441049573,0.284202976510669,0.267070008643042,0.274091396277891,0.279284285396755,0.23429592140518,0.225407810182897,0.226425748164879,0.240729454784117,0.243419267299864,0.242065781881131,0.241851168511685,0.253116011505273,0.253973299427845,0.25530303030303,0.241071428571429
,,,,,,,,,,,,,,,,,,,,,,,,,,,,,,,,,,,,,,,,,,,,,,,,,,,,,,,,,,,,,,,,,,,,,,,,,,,,,,,,,,,,,,,,,,,,,,,,,,,,,
COST And EXPENSES,,,,,,,,,,,,,,,,,,,,,,,,,,,,,,,,,,,,,,,,,,,,,,,,,,,,,,,,,,,,,,,,,,,,,,,,,,,,,,,,,,,,,,,,,,,,,,,,,,,,,
,ResearchAndDevelopmentExpenses,0.0,0.0,0.0,0.0,0.0,0.0,0.0,0.0,0.0,0.0,0.0,0.0,0.0,0.0,0.0,0.0,0.0,0.0,0.0,0.0,0.0,0.0,0.0,0.0,0.0,0.0,0.0,0.0,0.0,0.0,0.0,0.0,0.0,0.0
,GeneralAndAdministrativeExpenses,1832000000.0,2070000000.0,2162000000.0,2027000000.0,2242000000.0,2412000000.0,2733000000.0,2560000000.0,672627000.0,3392692000.0,658699000.0,509100000.0,743338000.0,645871000.0,651557000.0,4043981000.0,654743000.0,578760000.0,2818000000.0,2795000000.0,2876000000.0,2366000000.0,1989000000.0,1266000000.0,1123000000.0,954000000.0,784400000.0,0.0,0.0,0.0,0.0,0.0,0.0,0.0
,SellingAndMarketingExpenses,0.0,0.0,0.0,0.0,0.0,0.0,0.0,0.0,2535373000.0,0.0,2684301000.0,2907900000.0,3322662000.0,3381129000.0,3296443000.0,0.0,3037257000.0,2802240000.0,0.0,0.0,0.0,0.0,0.0,0.0,0.0,0.0,0.0,0.0,0.0,0.0,0.0,0.0,0.0,0.0
,otherExpenses,0.0,0.0,0.0,-2000000.0,1000000.0,332000000.0,403000000.0,201000000.0,0.0,0.0,0.0,0.0,0.0,0.0,0.0,0.0,23000000.0,23000000.0,10000000.0,12000000.0,0.0,0.0,0.0,0.0,0.0,0.0,0.0,0.0,0.0,0.0,0.0,0.0,0.0,0.0
,operatingExpenses,1832000000.0,2273000000.0,2312000000.0,2134000000.0,2242000000.0,2680000000.0,3204000000.0,2831000000.0,3291000000.0,3392692000.0,3394000000.0,3657000000.0,5551000000.0,4019000000.0,3940000000.0,4043981000.0,3771000000.0,3404000000.0,2834000000.0,2816000000.0,2979000000.0,2400000000.0,2115000000.0,1272000000.0,1128000000.0,959000000.0,834000000.0,0.0,0.0,0.0,0.0,0.0,0.0,0.0
,costAndExpenses,9410000000.0,10456000000.0,10776000000.0,9913000000.0,10555000000.0,11544000000.0,12938000000.0,11447000000.0,10739000000.0,11455779000.0,11670000000.0,12409000000.0,16041000000.0,15044000000.0,14303000000.0,13930902000.0,13080000000.0,11888000000.0,10857000000.0,10800000000.0,11459000000.0,9850000000.0,8599000000.0,6415000000.0,5829000000.0,5069000000.0,4073200000.0,2466900000.0,1670800000.0,1262800000.0,609900000.0,307200000.0,130700000.0,36000000.0
,interestExpense,42000000.0,89000000.0,121000000.0,62000000.0,80000000.0,93000000.0,89000000.0,69000000.0,68937000.0,33223000.0,58498000.0,65628000.0,68286000.0,63080000.0,40830000.0,32380000.0,61108000.0,54805000.0,-28000000.0,-31000000.0,-22000000.0,4000000.0,-10000000.0,-23000000.0,-27000000.0,-22000000.0,18100000.0,10600000.0,1500000.0,2400000.0,500000.0,100000.0,100000.0,0.0
,,,,,,,,,,,,,,,,,,,,,,,,,,,,,,,,,,,,,,,,,,,,,,,,,,,,,,,,,,,,,,,,,,,,,,,,,,,,,,,,,,,,,,,,,,,,,,,,,,,,,
EBITDA,,,,,,,,,,,,,,,,,,,,,,,,,,,,,,,,,,,,,,,,,,,,,,,,,,,,,,,,,,,,,,,,,,,,,,,,,,,,,,,,,,,,,,,,,,,,,,,,,,,,,
,depreciationAndAmortization,189000000.0,204000000.0,192000000.0,159000000.0,181000000.0,253000000.0,277000000.0,209000000.0,203200000.0,211410000.0,208300000.0,224100000.0,254100000.0,281400000.0,279000000.0,268098000.0,269200000.0,248300000.0,200700000.0,199400000.0,205700000.0,168600000.0,140900000.0,97000000.0,82500000.0,64800000.0,49600000.0,30400000.0,20800000.0,15300000.0,6600000.0,2800000.0,1000000.0,200000.0
,EBITDA,-63000000.0,395000000.0,431000000.0,486000000.0,647000000.0,436000000.0,49000000.0,4000000.0,160200000.0,245164000.0,171300000.0,-40900000.0,-1290900000.0,765400000.0,986000000.0,616140000.0,754200000.0,718300000.0,700700000.0,553400000.0,315700000.0,581600000.0,539900000.0,400000000.0,321500000.0,308800000.0,242600000.0,143000000.0,83000000.0,53300000.0,22500000.0,10200000.0,2300000.0,-2200000.0
,EBITDARatio,-0.00648815653964985,0.0370996524842679,0.0391284611892873,0.0474609375,0.0587061065239089,0.0371791592052528,0.0038552321007081,0.000355808574986657,0.0149775617053104,0.0213380300139266,0.0147253502965701,-0.00336791831357049,-0.0890521523178808,0.0492916022668727,0.0656851642129105,0.0431502497663693,0.0555989679321784,0.0581195889635084,0.0616976314167474,0.0496144880760265,0.027286084701815,0.0566695897885608,0.0600022227161591,0.0595415302173266,0.0529741308288021,0.0581215885563712,0.0568655946744175,0.0554371002132196,0.0478938257357184,0.0409747847478475,0.035953978906999,0.0324221233312142,0.0174242424242424,-0.0654761904761905
,,,,,,,,,,,,,,,,,,,,,,,,,,,,,,,,,,,,,,,,,,,,,,,,,,,,,,,,,,,,,,,,,,,,,,,,,,,,,,,,,,,,,,,,,,,,,,,,,,,,,
INCOME,,,,,,,,,,,,,,,,,,,,,,,,,,,,,,,,,,,,,,,,,,,,,,,,,,,,,,,,,,,,,,,,,,,,,,,,,,,,,,,,,,,,,,,,,,,,,,,,,,,,,
,operatingIncome,-252000000.0,191000000.0,239000000.0,327000000.0,466000000.0,183000000.0,-228000000.0,-205000000.0,-43000000.0,33754000.0,-37000000.0,-265000000.0,-1545000000.0,484000000.0,707000000.0,348042000.0,485000000.0,470000000.0,500000000.0,354000000.0,110000000.0,413000000.0,399000000.0,303000000.0,239000000.0,244000000.0,193000000.0,112600000.0,62200000.0,38000000.0,15900000.0,7400000.0,1300000.0,-2400000.0
,operatingIncomeRatio,-0.0259526261585994,0.0179393256316333,0.021697684975034,0.03193359375,0.0422829144360766,0.0156050140700947,-0.0179386309992132,-0.0182351894680662,-0.00402019446522064,0.00293780434766148,-0.00318060689418035,-0.0218214756258235,-0.106581125827815,0.0311695002575992,0.0470987942175738,0.0243744915590397,0.0357537781054184,0.0380289667448823,0.0440257110152329,0.0317374932759548,0.00950734658599827,0.0402416447432525,0.0443431873749722,0.0451027091396249,0.0393804580655792,0.0459250894033503,0.0452393230509587,0.0436518705175422,0.0358915175995384,0.0292127921279213,0.0254074784276127,0.0235219326128417,0.00984848484848485,-0.0714285714285714
,totalOtherIncomeExpensesNet,7000000.0,21000000.0,15000000.0,12000000.0,51000000.0,1000000.0,2000000.0,14000000.0,34000000.0,30857000.0,34000000.0,17000000.0,26000000.0,29000000.0,31000000.0,23649000.0,18000000.0,15000000.0,7000000.0,-9000000.0,5000000.0,-4000000.0,0.0,-16000000.0,0.0,0.0,4000000.0,4600000.0,1300000.0,-8800000.0,600000.0,2500000.0,2600000.0,100000.0
,incomeBeforeTax,-295000000.0,146000000.0,158000000.0,299000000.0,459000000.0,115000000.0,-291000000.0,127000000.0,-75000000.0,32619000.0,-57000000.0,-311000000.0,-1578000000.0,459000000.0,707000000.0,361515000.0,461000000.0,445000000.0,479000000.0,314000000.0,92000000.0,414000000.0,389000000.0,263000000.0,213000000.0,222000000.0,179000000.0,106500000.0,62100000.0,26900000.0,15900000.0,9700000.0,3800000.0,0.0
,incomeBeforeTaxRatio,-0.0303810504634398,0.0137127829435522,0.0143440762596459,0.02919921875,0.0416477633608565,0.00980642960689008,-0.0228953579858379,0.0112969222558264,-0.00701196709050112,0.00283901878344403,-0.00489985386400756,-0.0256093544137022,-0.10885761589404,0.0295595054095827,0.0470987942175738,0.025318048729654,0.033984518982676,0.0360061493648353,0.0421766311525931,0.0281513358436435,0.00795159896283492,0.0403390821397252,0.043231829295399,0.0391485561178922,0.0350963914977756,0.0417843026538679,0.0419577141249824,0.0412870711378174,0.0358338141950375,0.020679581795818,0.0254074784276127,0.0308328035600763,0.0287878787878788,0.0
,incomeTaxExpense,24000000.0,47000000.0,59000000.0,153000000.0,-220000000.0,39000000.0,12000000.0,147000000.0,1697000.0,-63072000.0,-10470000.0,287572000.0,-98645000.0,63000000.0,204000000.0,87723000.0,126000000.0,143000000.0,168000000.0,113000000.0,43000000.0,156000000.0,156000000.0,104000000.0,84000000.0,90000000.0,74000000.0,43100000.0,24300000.0,12500000.0,6200000.0,3800000.0,700000.0,0.0
,netIncome,-319000000.0,99000000.0,104000000.0,181000000.0,529000000.0,8000000.0,-354000000.0,-20000000.0,-77000000.0,95694000.0,-45000000.0,-596000000.0,-1479000000.0,396000000.0,503000000.0,273792000.0,336000000.0,276000000.0,311000000.0,201000000.0,49000000.0,258000000.0,233000000.0,160000000.0,129000000.0,132000000.0,105000000.0,63400000.0,39200000.0,14400000.0,9700000.0,5900000.0,3100000.0,-2300000.0
,netIncomeRatio,-0.0328527291452111,0.00929839391377853,0.0094416704493872,0.01767578125,0.0479992741130569,0.000682186407435832,-0.0278520849724626,-0.00177904287493329,-0.00719895287958115,0.00832879804601284,-0.00386830568211124,-0.0490777338603426,-0.102028145695364,0.0255023183925811,0.0335087602424888,0.0191745271919268,0.0247696277183929,0.0223319038757181,0.0273839922514749,0.0180204410973642,0.00423509075194468,0.0251388482899737,0.0258946432540565,0.0238166120869306,0.0212555610479486,0.0248447204968944,0.0246120669448221,0.0245784066679589,0.0226197345643393,0.011070110701107,0.0155001597954618,0.0187539732994278,0.0234848484848485,-0.068452380952381
,,,,,,,,,,,,,,,,,,,,,,,,,,,,,,,,,,,,,,,,,,,,,,,,,,,,,,,,,,,,,,,,,,,,,,,,,,,,,,,,,,,,,,,,,,,,,,,,,,,,,
EPS,,,,,,,,,,,,,,,,,,,,,,,,,,,,,,,,,,,,,,,,,,,,,,,,,,,,,,,,,,,,,,,,,,,,,,,,,,,,,,,,,,,,,,,,,,,,,,,,,,,,,
,EPS,-6.05000008344828,1.79024,1.84397,3.38318,9.8,0.14414,-0.66168,-0.06289,-0.275,3.44324584949517,-0.16304,-2.18315,-5.41758,1.43478,1.74653,8.8,1.06329,0.87898,0.96584,0.63608,0.15756,0.65482,0.5796,0.60377,0.49049,0.51163,4.6,3.3,1.9,0.8,0.9,0.6,0.5,-0.7
,EPSDiluted,-6.05000008344828,1.79024,1.84397,3.38318,9.6,0.14414,-0.66168,-0.06289,-0.275,2.68202927715199,-0.16304,-2.18315,-5.41758,1.43478,1.74653,8.7,1.06329,0.87898,0.96584,0.63608,0.15756,0.65482,0.5796,0.60377,0.49049,0.51163,4.6,3.2,1.9,0.8,0.9,0.6,0.5,-0.7
,weightedAverageShsOut,52727272.0,55300000.0,56400000.0,53500000.0,53979592.0,55500000.0,535000000.0,318000000.0,280000000.0,27791800.0,276000000.0,273000000.0,273000000.0,276000000.0,288000000.0,31112727.0,316000000.0,314000000.0,322000000.0,316000000.0,311000000.0,394000000.0,402000000.0,265000000.0,263000000.0,258000000.0,22826087.0,19212121.0,20631579.0,18000000.0,10777778.0,9833333.0,6200000.0,2408200.0
,weightedAverageShsOutDil,52727272.0,55300000.0,56400000.0,53500000.0,55104167.0,55500000.0,535000000.0,318000000.0,280000000.0,35679700.0,276000000.0,273000000.0,273000000.0,276000000.0,288000000.0,31470345.0,316000000.0,314000000.0,322000000.0,316000000.0,311000000.0,394000000.0,402000000.0,265000000.0,263000000.0,258000000.0,22826087.0,19812500.0,20631579.0,18000000.0,10777778.0,9833333.0,6200000.0,2408200.0
