Date,2019-03-31,2018-03-31,2017-03-31,2016-03-31,2015-03-31,2014-03-31,2013-03-31,2012-03-31,2011-03-31,2010-03-31
Revenue,65754000.0,60300000.0,70211000.0,67642000.0,72210000.0,88623000.0,86086000.0,100562000.0,82037000.0,68073000.0
Revenue Growth,0.0904,-0.1412,0.038,-0.0633,-0.1852,0.0295,-0.144,0.2258,0.2051,-0.0628
Cost of Revenue,51202000.0,45628000.0,52874000.0,51645000.0,73347000.0,65643000.0,59356000.0,70524000.0,54398000.0,45329000.0
Gross Profit,14552000.0,14672000.0,17337000.0,15997000.0,-1137000.0,22980000.0,26730000.0,30038000.0,27639000.0,22744000.0
R&D Expenses,1374000.0,1905000.0,2004000.0,1668000.0,2554000.0,2026000.0,2259000.0,2518000.0,2333000.0,1891000.0
SG&A Expense,19335000.0,25038000.0,27610000.0,28227000.0,28198000.0,28478000.0,31075000.0,26998000.0,25360000.0,25432000.0
Operating Expenses,20709000.0,27653000.0,29864000.0,35918000.0,30799000.0,31323000.0,33334000.0,29516000.0,27693000.0,27323000.0
Operating Income,-6157000.0,-12981000.0,-12527000.0,-19921000.0,-31936000.0,-8343000.0,-6604000.0,522000.0,-54000.0,-4579000.0
Interest Expense,493000.0,333000.0,163000.0,297000.0,376000.0,481000.0,567000.0,551000.0,406000.0,256000.0
Earnings before Tax,-6660000.0,-13143000.0,-12549000.0,-20090000.0,-32012000.0,-8257000.0,-6326000.0,853000.0,-901000.0,-4476000.0
Income Tax Expense,14000.0,-15000.0,-261000.0,36000.0,49000.0,-2058000.0,4073000.0,370000.0,-1242000.0,-1003000.0
Net Income - Non-Controlling int,0.0,0.0,0.0,0.0,0.0,0.0,0.0,0.0,0.0,0.0
Net Income - Discontinued ops,0.0,0.0,0.0,0.0,0.0,0.0,0.0,0.0,0.0,0.0
Net Income,-6674000.0,-13128000.0,-12288000.0,-20126000.0,-32061000.0,-6199000.0,-10399000.0,483000.0,341000.0,-3473000.0
Preferred Dividends,0.0,0.0,0.0,0.0,0.0,0.0,0.0,0.0,0.0,0.0
Net Income Com,-6674000.0,-13128000.0,-12288000.0,-20126000.0,-32061000.0,-6199000.0,-10399000.0,483000.0,341000.0,-3473000.0
EPS,-0.23,-0.46,-0.44,-0.73,-1.43,-0.3,-0.5,0.02,0.02,-0.16
EPS Diluted,-0.23,-0.46,-0.44,-0.73,-1.43,-0.3,-0.5,0.02,0.01,-0.16
Weighted Average Shs Out,29576944.0,28921170.0,28305117.0,27754478.0,21943550.0,21411695.0,20150642.0,23010653.0,22818902.0,22226610.0
Weighted Average Shs Out (Dil),29429540.0,28783830.0,28156382.0,27627693.0,22353419.0,20987964.0,20996625.0,22953037.0,22678411.0,21844150.0
Dividend per Share,0.0,0.0,0.0,0.0,0.0,0.0,0.0,0.0,0.0,0.0
Gross Margin,0.2213,0.2433,0.2469,0.2365,-0.0157,0.2593,0.3105,0.2987,0.3369,0.3341
EBITDA Margin,-0.067,-0.179,-0.143,-0.231,-0.38,-0.037,-0.014,0.056,0.034,-0.023
EBIT Margin,-0.0938,-0.2124,-0.1764,-0.2926,-0.4381,-0.0877,-0.0669,0.014,-0.006,-0.062
Profit Margin,-0.101,-0.218,-0.175,-0.298,-0.444,-0.07,-0.121,0.005,0.004,-0.051
Free Cash Flow margin,-0.0838,-0.0829,-0.0036,-0.0568,-0.194,0.1075,-0.0001,0.0693,-0.1677,-0.2837
EBITDA,-4384000.0,-10799000.0,-10054000.0,-15628000.0,-27456000.0,-3274000.0,-1182000.0,5640000.0,2775000.0,-1547000.0
EBIT,-6167000.0,-12810000.0,-12386000.0,-19793000.0,-31636000.0,-7776000.0,-5759000.0,1404000.0,-495000.0,-4220000.0
Consolidated Income,-6674000.0,-13128000.0,-12288000.0,-20126000.0,-32061000.0,-6199000.0,-10399000.0,483000.0,341000.0,-3473000.0
Earnings Before Tax Margin,-0.1013,-0.218,-0.1787,-0.297,-0.4433,-0.0932,-0.0735,0.0085,-0.011,-0.0658
Net Profit Margin,-0.1015,-0.2177,-0.175,-0.2975,-0.444,-0.0699,-0.1208,0.0048,0.0042,-0.051
