Date,2018-12-31,2017-12-31,2016-12-31,2015-12-31,2014-12-31,2013-12-31,2012-12-31,2011-12-31,2010-12-31,2009-12-31
Revenue,453042000.0,433823000.0,409788000.0,396489000.0,402277000.0,397611000.0,440189000.0,435519000.0,462571000.0,545635000.0
Revenue Growth,0.0443,0.0587,0.0335,-0.0144,0.0117,-0.0967,0.0107,-0.0585,-0.1522,0.05
Cost of Revenue,96628000.0,93037000.0,87853000.0,86525000.0,98912000.0,106912000.0,100726000.0,96415000.0,97093000.0,138450000.0
Gross Profit,356414000.0,340786000.0,321935000.0,309964000.0,303365000.0,290699000.0,339463000.0,339104000.0,365478000.0,407185000.0
R&D Expenses,33218000.0,29700000.0,28803000.0,26389000.0,24994000.0,26768000.0,28577000.0,22861000.0,27958000.0,31460000.0
SG&A Expense,290033000.0,270275000.0,257696000.0,265237000.0,245621000.0,242985000.0,232421000.0,249941000.0,269123000.0,304809000.0
Operating Expenses,323251000.0,299975000.0,300868000.0,300709000.0,286229000.0,301891000.0,264591000.0,332493000.0,299494000.0,343310000.0
Operating Income,33163000.0,40811000.0,21067000.0,9255000.0,17136000.0,-11192000.0,74872000.0,6611000.0,65984000.0,63875000.0
Interest Expense,828000.0,416000.0,-763000.0,489000.0,1785000.0,1827000.0,4161000.0,5441000.0,11287000.0,24820000.0
Earnings before Tax,22885000.0,35323000.0,18583000.0,8040000.0,7663000.0,-21210000.0,66796000.0,-3255000.0,68327000.0,40021000.0
Income Tax Expense,9074000.0,29100000.0,15527000.0,10849000.0,16200000.0,7602000.0,23944000.0,14443000.0,24031000.0,15549000.0
Net Income - Non-Controlling int,0.0,0.0,0.0,0.0,0.0,0.0,0.0,0.0,0.0,0.0
Net Income - Discontinued ops,0.0,1068000.0,441000.0,467000.0,4793000.0,10607000.0,2269000.0,1892000.0,-13299000.0,0.0
Net Income,13811000.0,6223000.0,3056000.0,-2809000.0,-8537000.0,-28812000.0,42852000.0,-17698000.0,44296000.0,24472000.0
Preferred Dividends,0.0,0.0,0.0,0.0,0.0,0.0,0.0,0.0,0.0,0.0
Net Income Com,13811000.0,6223000.0,3056000.0,-2809000.0,-8537000.0,-28812000.0,42852000.0,-17698000.0,44296000.0,24472000.0
EPS,0.73,0.34,0.17,-0.15,-0.46,-1.54,2.26,-0.97,2.52,1.43
EPS Diluted,0.72,0.34,0.17,-0.15,-0.46,-1.54,2.21,-0.97,2.47,1.42
Weighted Average Shs Out,18920827.0,18231334.0,17826136.0,18889815.0,18436516.0,19453294.0,19320462.0,18411073.0,17726450.0,17135398.0
Weighted Average Shs Out (Dil),18494002.0,18117405.0,18144019.0,18795194.0,18459054.0,18697228.0,18977263.0,18219343.0,17601956.0,17119474.0
Dividend per Share,0.0,0.0,0.0,0.0,0.0,0.0,0.0,0.0,0.0,0.0
Gross Margin,0.7867,0.7855,0.7856,0.7818,0.7541,0.7311,0.7712,0.7786,0.7901,0.7463
EBITDA Margin,0.094,0.129,0.094,0.074,0.08,0.009,0.208,0.058,0.22,0.16
EBIT Margin,0.0523,0.0824,0.0435,0.0215,0.0235,-0.0487,0.1612,0.005,0.1721,0.1188
Profit Margin,0.03,0.014,0.007,-0.007,-0.021,-0.072,0.097,-0.041,0.096,0.045
Free Cash Flow margin,0.0765,0.0508,0.0994,0.0396,0.0811,0.094,-0.0423,0.0895,0.0345,0.0524
EBITDA,42372000.0,55863000.0,38661000.0,29452000.0,32326000.0,3439000.0,91689000.0,25368000.0,101701000.0,87185000.0
EBIT,23713000.0,35739000.0,17820000.0,8529000.0,9448000.0,-19383000.0,70957000.0,2186000.0,79614000.0,64841000.0
Consolidated Income,13811000.0,6223000.0,3056000.0,-2809000.0,-8537000.0,-28812000.0,42852000.0,-17698000.0,44296000.0,24472000.0
Earnings Before Tax Margin,0.0505,0.0814,0.0453,0.0203,0.019,-0.0533,0.1517,-0.0075,0.1477,0.0733
Net Profit Margin,0.0305,0.0143,0.0075,-0.0071,-0.0212,-0.0725,0.0973,-0.0406,0.0958,0.0449
