Date,2018-12-31,2017-12-31,2016-12-31,2015-12-31,2014-12-31,2013-12-31,2012-12-31,2011-12-31,2010-12-31,2009-12-31
Revenue,0.0,0.0,0.0,1175841.0,939926.0,1032233.0,1331764.0,1444447.0,1308910.0,641285.0
Revenue Growth,0.0,0.0,-1,0.250993163291578,-0.0894245775905246,-0.224912972568713,-0.078011169672546,0.103549518301487,1.04107378154799,1.7459
Cost of Revenue,0.0,0.0,0.0,481743.0,369597.0,343354.0,878461.0,713627.0,911793.0,221198.0
Gross Profit,0.0,0.0,0.0,694098.0,570329.0,688879.0,453303.0,730820.0,397117.0,420087.0
R&D Expenses,5971833.0,3539656.0,4754650.0,8803033.0,3065053.0,9358957.0,7860987.0,2449178.0,2014784.0,1833746.0
SG&A Expense,4022307.0,3178662.0,3787855.0,3543184.0,3321771.0,7540152.0,5024616.0,5628005.0,6285004.0,4917844.0
Operating Expenses,9994140.0,6718318.0,8542505.0,12346217.0,6386824.0,16899109.0,12885603.0,8077183.0,8299788.0,6751590.0
Operating Income,-9994140.0,-6718318.0,-8542505.0,-11652119.0,-5816495.0,-16210230.0,-12432300.0,-7346363.0,-7902671.0,-6331503.0
Interest Expense,5786.0,216328.0,4116.0,76668.0,4030.0,17538.0,655557.0,332349.0,33859.0,44292.0
Earnings before Tax,-9914141.0,-6731525.0,-8497316.0,-11711333.0,-5789519.0,-16068754.0,-13090446.0,-7678868.0,-8538602.0,-5519348.0
Income Tax Expense,0.0,0.0,0.0,0.0,0.0,-5679857.0,-4879978.0,0.0,-733437.0,0.0
Net Income - Non-Controlling int,0.0,0.0,0.0,0.0,0.0,0.0,0.0,0.0,0.0,0.0
Net Income - Discontinued ops,0.0,0.0,0.0,0.0,0.0,0.0,0.0,0.0,0.0,0.0
Net Income,-9914141.0,-6731525.0,-7013304.0,-11711333.0,-5789519.0,-16068754.0,-13090446.0,-7678868.0,-7805165.0,-5519348.0
Preferred Dividends,1412041.0,0.0,0.0,0.0,0.0,0.0,0.0,0.0,0.0,0.0
Net Income Com,-9914141.0,-6731525.0,-7013304.0,-11711333.0,-5789519.0,-16068754.0,-13090446.0,-7678868.0,-7805165.0,-5519348.0
EPS,-0.87,-1.37,-0.16,-0.32,-0.16,-0.56,-0.74,-1.34,-14.2,-17.0
EPS Diluted,-0.87,-1.37,-0.16,-0.32,-0.16,-0.56,-0.74,-1.34,-14.2,-17.0
Weighted Average Shs Out,13039123.0,4926275.0,44600197.0,36656257.0,36153588.0,28779229.0,0.0,0.0,566308.0,454334.0
Weighted Average Shs Out (Dil),13039123.0,4926275.0,44600197.0,36656257.0,36153588.0,28779229.0,0.0,0.0,551145.0,324419.0
Dividend per Share,0.0,0.0,0.0,0.0,0.0,0.0,0.0,0.0,0.0,0.0
Gross Margin,0.0,0.0,0.0,0.590299198616,0.606780746569,0.667367735773,0.340377874759,0.505951412548,0.3034,0.6551
EBITDA Margin,0.0,0.0,0.0,-9.84909269195,-6.15881250226,-15.6299430458,-8.97211593045,-5.03088517613,,
EBIT Margin,0.0,0.0,0.0,-9.90960427473,-6.18824779823,-15.7040416263,-9.33521254517,-5.08593461719,-6.4976,-8.5376
Profit Margin,0.0,0.0,0.0,-9.95996312427,-6.15954766652,-15.5669834233,-9.82940370816,-5.31612997915,,
Free Cash Flow margin,0.0,0.0,0.0,-4.42823136802,-6.03218019291,-6.57152212727,-3.9218299939,-3.80405650052,-4.9939,-8.9953
EBITDA,-9964030.0,-6652515.0,-8467461.0,-11580967.0,-5788828.0,-16133743.0,-11948741.0,-7266847.0,-8462008.0,-5235296.0
EBIT,-9994140.0,-6718318.0,-8542505.0,-11652119.0,-5816495.0,-16210230.0,-12432300.0,-7346363.0,-8504743.0,-5475056.0
Consolidated Income,-9914141.0,-6731525.0,-7013304.0,-11711333.0,-5789519.0,-16068754.0,-13090446.0,-7678868.0,-7805165.0,-5519348.0
Earnings Before Tax Margin,0.0,0.0,0.0,-9.95996312427,-6.15954766652,-15.5669834233,-9.82940370816,-5.31612997915,-6.5234,-8.6067
Net Profit Margin,0.0,0.0,0.0,-9.95996312427,-6.15954766652,-15.5669834233,-9.82940370816,-5.31612997915,-5.9631,-8.6067
