Date,2018-12-31,2017-12-31,2016-12-31,2015-12-31,2014-12-31,2013-12-31,2012-12-31,2011-12-31,2010-12-31,2009-12-31
Revenue,2773659.0,0.0,679293.0,985480.0,944022.0,909312.0,0.0,0.0,13836070.0,12435769.0
Revenue Growth,0.0,-1,-0.310698339895279,0.0439163494071113,0.0381717166385135,0.0,0.0,-1,0.112602686653314,0.2357
Cost of Revenue,977459.0,0.0,0.0,0.0,0.0,0.0,0.0,0.0,0.0,0.0
Gross Profit,1796200.0,0.0,0.0,0.0,0.0,0.0,0.0,0.0,13836070.0,12435769.0
R&D Expenses,0.0,0.0,0.0,0.0,0.0,0.0,0.0,0.0,0.0,0.0
SG&A Expense,26921563.0,20551526.0,20031638.0,17237222.0,17831394.0,16617920.0,0.0,0.0,10835136.0,9256881.0
Operating Expenses,26921563.0,20551526.0,20031638.0,17237222.0,17831394.0,16617920.0,0.0,0.0,11409505.0,9256881.0
Operating Income,37386615.0,24116538.0,19967757.0,15846824.0,9786815.0,11349288.0,10185785.0,7158276.0,2426565.0,3178888.0
Interest Expense,21328533.0,11498633.0,7525112.0,4864298.0,3899723.0,4202253.0,5057625.0,5219171.0,0.0,0.0
Earnings before Tax,37386615.0,24116538.0,19967757.0,15846824.0,9786815.0,11349288.0,10185785.0,7158276.0,2499414.0,3091672.0
Income Tax Expense,10168923.0,8152724.0,6812598.0,5382390.0,2694104.0,3602083.0,2720446.0,1926624.0,996750.0,1055522.0
Net Income - Non-Controlling int,0.0,0.0,0.0,0.0,0.0,0.0,0.0,0.0,-72849.0,87216.0
Net Income - Discontinued ops,0.0,0.0,0.0,0.0,0.0,0.0,0.0,0.0,0.0,0.0
Net Income,27217692.0,15963814.0,13155097.0,10468586.0,7130300.0,7838829.0,7530464.0,5379971.0,1502664.0,2036150.0
Preferred Dividends,0.0,0.0,0.0,0.0,0.0,0.0,0.0,0.0,0.0,485993.0
Net Income Com,27217692.0,15963814.0,13155097.0,10468586.0,7130300.0,7838829.0,7530464.0,5379971.0,1502664.0,1550157.0
EPS,1.73,1.38,1.21,0.98,0.66,0.87,1.1,0.86,0.39,0.4
EPS Diluted,1.71,1.35,1.2,0.97,0.65,0.86,1.09,1.2,0.38,0.4
Weighted Average Shs Out,15713572.0,11588045.0,10837939.0,10647986.0,10786017.0,9044844.0,6828512.0,0.0,3886305.0,3862364.0
Weighted Average Shs Out (Dil),15913195.0,11799184.0,10997485.0,10784323.0,10935182.0,9149200.0,6828512.0,0.0,3886305.0,3862364.0
Dividend per Share,0.383568227499,0.317933257079,0.236776590284,0.208219653658,0.177571530131,0.162958619333,0.160037648026,0.0,0.12,0.12
Gross Margin,0.647592223846,0.0,0.0,0.0,0.0,0.0,0.0,0.0,1.0,1.0
EBITDA Margin,15.660270062,0.0,36.0128074336,20.1746235337,14.6729493592,16.8235270182,0.0,0.0,0.239,0.305
EBIT Margin,13.4791677708,0.0,29.3949105909,16.0803101027,10.3671471639,12.4811813767,0.0,0.0,0.1806,0.2486
Profit Margin,9.81291932426,0.0,19.3658656868,10.6228294841,7.55310787249,8.62061536634,0.0,0.0,0.109,0.125
Free Cash Flow margin,8.09473334682,0.0,25.3275773488,11.7736625807,9.48590922669,15.4474019918,0.0,0.0,0.2124,-0.5039
EBITDA,43436249.0,28529882.0,24463248.0,19881688.0,13851587.0,15297835.0,12731127.0,9342343.0,3307147.0,3791017.0
EBIT,37386615.0,24116538.0,19967757.0,15846824.0,9786815.0,11349288.0,10185785.0,7158276.0,2499414.0,3091672.0
Consolidated Income,27217692.0,15963814.0,13155097.0,10468586.0,7130300.0,7838829.0,7530464.0,5379971.0,1429815.0,2123366.0
Earnings Before Tax Margin,13.4791677708,0.0,29.3949105909,16.0803101027,10.3671471639,12.4811813767,0.0,0.0,0.1806,0.2486
Net Profit Margin,9.81291932426,0.0,19.3658656868,10.6228294841,7.55310787249,8.62061536634,0.0,0.0,0.1086,0.1637
