date,,2020-12-31_FY,2019-12-31_FY,2018-12-31_FY,2017-12-31_FY,2016-12-31_FY,2015-12-31_FY,2014-12-31_FY,2013-12-31_FY,2012-12-31_FY,2011-12-31_FY,2010-12-31_FY,2009-12-31_FY,2008-12-31_FY,2007-12-31_FY,2006-12-31_FY,2005-12-31_FY,2004-12-31_FY,2003-12-31_FY,2002-12-31_FY,2001-12-31_FY,2000-12-31_FY
,revenue,892208000.0,897027000.0,787309000.0,716165000.0,692623000.0,484559000.0,440900000.0,380585000.0,314027000.0,245535000.0,222407000.0,213457000.0,251865000.0,213081000.0,154710000.0,121518000.0,123939000.0,102127000.0,87690000.0,86901000.0,67365000.0
,costOfRevenue,478916000.0,460115000.0,414979000.0,394077000.0,378823000.0,236629000.0,207040000.0,177186000.0,143439000.0,109751000.0,104490000.0,108236000.0,123231000.0,99772000.0,69189000.0,54508000.0,52033000.0,42461000.0,36418000.0,32767000.0,26578000.0
,grossProfit,413292000.0,436912000.0,372330000.0,322088000.0,313800000.0,247930000.0,233860000.0,203399000.0,170588000.0,135784000.0,117917000.0,105221000.0,128634000.0,113309000.0,85521000.0,67010000.0,71906000.0,59666000.0,51272000.0,54134000.0,40787000.0
,grossProfitRatio,0.463223822247727,0.487066721514514,0.472914700581347,0.449739934233033,0.453060322859622,0.511661118666664,0.530415060104332,0.534437773427749,0.543227174733383,0.553012808764535,0.5301856506315,0.492937687684171,0.51072598415818,0.531764915689339,0.552782625557495,0.551440938790961,0.580172504215784,0.584233356507094,0.584696088493557,0.62293874638957,0.605462777406665
,,,,,,,,,,,,,,,,,,,,,,,,,,,,,,,,,,,,,,,,,,,,,,,,,,,,,,,,,,,,,,,,,,,,,,,,,,,,,,,,,,,,,,,,,,,,,,,,,,,,,
COST And EXPENSES,,,,,,,,,,,,,,,,,,,,,,,,,,,,,,,,,,,,,,,,,,,,,,,,,,,,,,,,,,,,,,,,,,,,,,,,,,,,,,,,,,,,,,,,,,,,,,,,,,,,,
,ResearchAndDevelopmentExpenses,70161000.0,68644000.0,64843000.0,66022000.0,57799000.0,35160000.0,27802000.0,29105000.0,23726000.0,22042000.0,21007000.0,17569000.0,18196000.0,15050000.0,11222000.0,9611000.0,9105000.0,8950000.0,9970000.0,11031000.0,11273000.0
,GeneralAndAdministrativeExpenses,307605000.0,289916000.0,263095000.0,250312000.0,249520000.0,167581000.0,156475000.0,138995000.0,119736000.0,97520000.0,86227000.0,85668000.0,93098000.0,80035000.0,65043000.0,59698000.0,52083000.0,42779000.0,44767000.0,43683000.0,0.0
,SellingAndMarketingExpenses,0.0,0.0,0.0,0.0,0.0,0.0,0.0,0.0,0.0,0.0,0.0,0.0,0.0,0.0,0.0,0.0,0.0,0.0,0.0,0.0,0.0
,otherExpenses,0.0,0.0,0.0,0.0,0.0,0.0,0.0,0.0,0.0,0.0,0.0,0.0,0.0,0.0,0.0,0.0,0.0,0.0,0.0,0.0,0.0
,operatingExpenses,377766000.0,358560000.0,327938000.0,316334000.0,307319000.0,202741000.0,184277000.0,168100000.0,143462000.0,119562000.0,107234000.0,104552000.0,111294000.0,95085000.0,76265000.0,69309000.0,61188000.0,51729000.0,54737000.0,54714000.0,57412000.0
,costAndExpenses,856682000.0,818675000.0,742917000.0,710411000.0,686142000.0,439370000.0,391317000.0,345286000.0,286901000.0,229313000.0,211724000.0,212788000.0,234525000.0,194857000.0,145454000.0,123817000.0,113221000.0,94190000.0,91155000.0,87481000.0,83990000.0
,interestExpense,0.0,0.0,0.0,0.0,0.0,0.0,0.0,122000.0,29000.0,62000.0,4000.0,15000.0,15000.0,0.0,0.0,0.0,0.0,0.0,0.0,0.0,0.0
,,,,,,,,,,,,,,,,,,,,,,,,,,,,,,,,,,,,,,,,,,,,,,,,,,,,,,,,,,,,,,,,,,,,,,,,,,,,,,,,,,,,,,,,,,,,,,,,,,,,,
EBITDA,,,,,,,,,,,,,,,,,,,,,,,,,,,,,,,,,,,,,,,,,,,,,,,,,,,,,,,,,,,,,,,,,,,,,,,,,,,,,,,,,,,,,,,,,,,,,,,,,,,,,
,depreciationAndAmortization,71595000.0,64121000.0,51350000.0,51511000.0,58362000.0,25639000.0,20272000.0,18365000.0,13325000.0,7983000.0,8619000.0,9428000.0,8954000.0,4602000.0,3717000.0,4199000.0,4085000.0,3504000.0,3022000.0,3723000.0,3655000.0
,EBITDA,100944000.0,138054000.0,86966000.0,50632000.0,56414000.0,71883000.0,68776000.0,53516000.0,40429000.0,24134000.0,18580000.0,10635000.0,29691000.0,28879000.0,14886000.0,2145000.0,15011000.0,11053000.0,-2006000.0,2716000.0,-17034000.0
,EBITDARatio,0.113139536968958,0.153901722021745,0.110459806759481,0.0706987914796171,0.0814497930331508,0.148347260085975,0.155990020412792,0.140615105692552,0.12874370675133,0.0982914859388682,0.0835405360442792,0.0498226809146573,0.117884581025549,0.135530619811245,0.0962187318208261,0.0176517059201106,0.121116032887146,0.108227990639106,-0.0228760405975596,0.031253955650683,-0.252861278111779
,,,,,,,,,,,,,,,,,,,,,,,,,,,,,,,,,,,,,,,,,,,,,,,,,,,,,,,,,,,,,,,,,,,,,,,,,,,,,,,,,,,,,,,,,,,,,,,,,,,,,
INCOME,,,,,,,,,,,,,,,,,,,,,,,,,,,,,,,,,,,,,,,,,,,,,,,,,,,,,,,,,,,,,,,,,,,,,,,,,,,,,,,,,,,,,,,,,,,,,,,,,,,,,
,operatingIncome,35526000.0,78352000.0,44392000.0,5754000.0,6481000.0,45189000.0,49583000.0,35299000.0,27126000.0,16222000.0,10683000.0,669000.0,17340000.0,18224000.0,9256000.0,-2299000.0,10718000.0,7937000.0,-3465000.0,-580000.0,-16625000.0
,operatingIncomeRatio,0.039818069329125,0.0873463117609615,0.0563844691220347,0.00803446133223489,0.00935718276753732,0.0932579933506549,0.112458607393967,0.0927493201255961,0.0863811073570107,0.0660679740159244,0.0480335600947812,0.00313412068941286,0.0688464058126377,0.0855261614127961,0.0598280654127076,-0.0189190078836057,0.0864780254802766,0.0777169602553683,-0.0395141977420458,-0.00667426151597795,-0.246789876048393
,totalOtherIncomeExpensesNet,6177000.0,4419000.0,8776000.0,6633000.0,8429000.0,-1055000.0,1079000.0,270000.0,51000.0,133000.0,726000.0,-523000.0,-3382000.0,-6053000.0,-1913000.0,-245000.0,-208000.0,388000.0,1563000.0,427000.0,4064000.0
,incomeBeforeTax,29349000.0,73933000.0,35616000.0,-879000.0,-1948000.0,46244000.0,48504000.0,35029000.0,27075000.0,16089000.0,9957000.0,1192000.0,20722000.0,24277000.0,11169000.0,-2054000.0,10926000.0,7549000.0,-5028000.0,-1007000.0,-20689000.0
,incomeBeforeTaxRatio,0.032894795832362,0.0824200386387478,0.0452376385891689,-0.0012273707874582,-0.0028124968417162,0.095435230797488,0.110011340440009,0.0920398859650275,0.0862187009397281,0.0655262997128719,0.0447692743483793,0.00558426287261603,0.0822742342127727,0.113933199112075,0.0721931355439209,-0.0169028456689544,0.0881562704233534,0.0739177690522585,-0.0573383510092371,-0.0115878988734307,-0.307117939582869
,incomeTaxExpense,-2845000.0,12595000.0,-2113000.0,-21484000.0,-2551000.0,15484000.0,17986000.0,11050000.0,10897000.0,5700000.0,5065000.0,748000.0,7998000.0,-19018000.0,804000.0,20000.0,324000.0,242000.0,10000.0,160000.0,100000.0
,netIncome,32194000.0,61338000.0,37729000.0,20605000.0,603000.0,30760000.0,30518000.0,23979000.0,16178000.0,10389000.0,4892000.0,444000.0,12724000.0,43295000.0,10365000.0,-2074000.0,10602000.0,7307000.0,-5038000.0,-1167000.0,-20789000.0
,netIncomeRatio,0.0360835141581335,0.0683792126658395,0.0479214641265374,0.0287713027025895,0.000870603488477859,0.0634804017673802,0.069217509639374,0.0630056360602756,0.0515178631136813,0.0423116867249068,0.0219957105666638,0.00208004422436369,0.0505191273102654,0.203185643018383,0.0669963156874152,-0.0170674303395382,0.0855420811850991,0.0715481704152673,-0.0574523890979587,-0.0134290744640453,-0.308602389965115
,,,,,,,,,,,,,,,,,,,,,,,,,,,,,,,,,,,,,,,,,,,,,,,,,,,,,,,,,,,,,,,,,,,,,,,,,,,,,,,,,,,,,,,,,,,,,,,,,,,,,
EPS,,,,,,,,,,,,,,,,,,,,,,,,,,,,,,,,,,,,,,,,,,,,,,,,,,,,,,,,,,,,,,,,,,,,,,,,,,,,,,,,,,,,,,,,,,,,,,,,,,,,,
,EPS,0.776470020741884,1.48,0.96,0.55,0.0166777298373714,0.86,0.86,0.69,0.49,0.31,0.149826957826713,0.0140102868322237,0.4,1.35,0.38,-0.08,0.43,0.32,-0.231898734177215,-0.11,-12.2
,EPSDiluted,0.776470020741884,1.43,0.93,0.53,0.016357421875,0.84,0.83,0.67,0.47,0.3,0.145973204428132,0.0138477372672551,0.38,1.28,0.36,-0.08,0.38,0.29,-0.216706813489332,-0.11,-12.2
,weightedAverageShsOut,42510000.0,41462000.0,39242000.0,37483000.0,36156000.0,35857000.0,35650000.0,34736000.0,33307000.0,33123000.0,32651000.0,31691000.0,32076000.0,32080000.0,27345000.0,25906000.0,24849000.0,22746000.0,21725000.0,10312000.0,1704000.0
,weightedAverageShsOutDil,43743000.0,42943000.0,40559000.0,38712000.0,36864000.0,36718000.0,36622000.0,35774000.0,34213000.0,34103000.0,33513000.0,32063000.0,33108000.0,33820000.0,28902000.0,25906000.0,27720000.0,25321000.0,23248000.0,10312000.0,1704000.0
