Date,2018-12-31,2017-12-31,2016-12-31,2015-12-31,2014-12-31,2013-12-31,2012-12-31,2011-12-31,2010-12-31,2009-12-31
Revenue,2163960000.0,2166887000.0,2239557000.0,1661948000.0,1356362000.0,1359999000.0,1342298000.0,1421385000.0,1358749000.0,1138061000.0
Revenue Growth,-0.0014,-0.0324,0.3475,0.2253,-0.0027,0.0132,-0.0556,0.0461,0.1939,-0.143
Cost of Revenue,1820018000.0,1842159000.0,1920630000.0,1437621000.0,1164295000.0,1170500000.0,1158168000.0,1230897000.0,1187454000.0,985045000.0
Gross Profit,343942000.0,324728000.0,318927000.0,224327000.0,192067000.0,189499000.0,184130000.0,190488000.0,171295000.0,153016000.0
R&D Expenses,0.0,0.0,0.0,0.0,0.0,0.0,0.0,0.0,0.0,0.0
SG&A Expense,303196000.0,314100000.0,284026000.0,249809000.0,176362000.0,171279000.0,170119000.0,181461000.0,156827000.0,145274000.0
Operating Expenses,303196000.0,314100000.0,284026000.0,249809000.0,176362000.0,171279000.0,170119000.0,182261000.0,156827000.0,145274000.0
Operating Income,40746000.0,10628000.0,34901000.0,-25482000.0,15705000.0,18220000.0,14011000.0,8227000.0,14468000.0,7742000.0
Interest Expense,9486000.0,7894000.0,6083000.0,3860000.0,3180000.0,3340000.0,3791000.0,3284000.0,2019000.0,1567000.0
Earnings before Tax,32030000.0,3262000.0,28818000.0,-29652000.0,10955000.0,14364000.0,9228000.0,6172000.0,12449000.0,6175000.0
Income Tax Expense,9257000.0,667000.0,11158000.0,-11394000.0,5490000.0,6235000.0,4134000.0,3040000.0,4876000.0,2818000.0
Net Income - Non-Controlling int,0.0,0.0,0.0,0.0,0.0,0.0,0.0,0.0,0.0,0.0
Net Income - Discontinued ops,0.0,0.0,0.0,310000.0,1570000.0,516000.0,599000.0,0.0,0.0,0.0
Net Income,22773000.0,2595000.0,17660000.0,-18258000.0,5465000.0,8129000.0,5094000.0,3132000.0,7573000.0,3357000.0
Preferred Dividends,0.0,0.0,0.0,0.0,0.0,0.0,0.0,0.0,0.0,0.0
Net Income Com,22773000.0,2595000.0,17660000.0,-18258000.0,5465000.0,8129000.0,5094000.0,3132000.0,7573000.0,3357000.0
EPS,1.9,0.21,1.49,-1.52,0.45,0.7,0.42,0.26,0.62,0.27
EPS Diluted,1.9,0.21,1.49,-1.52,0.42,0.68,0.42,0.26,0.62,0.27
Weighted Average Shs Out,,,,,,,,,,
Weighted Average Shs Out (Dil),11993000.0,12269000.0,11847000.0,12049000.0,12251000.0,11583000.0,11989000.0,12225000.0,12220000.0,12373000.0
Dividend per Share,0.0,0.0,0.0,0.0,0.0,0.0,0.0,0.0,0.0,0.0
Gross Margin,0.1589,0.1499,0.1424,0.135,0.1416,0.1393,0.1372,0.134,0.1261,0.1345
EBITDA Margin,0.025,0.012,0.023,-0.008,0.019,0.022,0.019,0.014,0.017,0.012
EBIT Margin,0.0192,0.0051,0.0156,-0.0155,0.0104,0.013,0.0097,0.0067,0.0106,0.0068
Profit Margin,0.011,0.001,0.008,-0.011,0.004,0.006,0.004,0.002,0.006,0.003
Free Cash Flow margin,0.0591,-0.0379,0.0392,-0.0443,0.0344,-0.012,0.0031,-0.0352,0.015,-0.0151
EBITDA,54956000.0,25337000.0,50685000.0,-13575000.0,26028000.0,29534000.0,25515000.0,19500000.0,22625000.0,13339000.0
EBIT,41516000.0,11156000.0,34901000.0,-25792000.0,14135000.0,17704000.0,13019000.0,9456000.0,14468000.0,7742000.0
Consolidated Income,22773000.0,2595000.0,17660000.0,-18258000.0,5465000.0,8129000.0,5094000.0,3132000.0,7573000.0,3357000.0
Earnings Before Tax Margin,0.0148,0.0015,0.0129,-0.0178,0.0081,0.0106,0.0069,0.0043,0.0092,0.0054
Net Profit Margin,0.0105,0.0012,0.0079,-0.011,0.004,0.006,0.0038,0.0022,0.0056,0.0029
