date,,2020-12-31_FY,2019-12-31_FY,2018-12-31_FY,2017-12-31_FY,2016-12-31_FY,2015-12-31_FY,2014-12-31_FY,2013-12-31_FY,2012-12-31_FY,2011-12-31_FY,2010-12-31_FY,2009-12-31_FY,2008-12-31_FY
,revenue,420830000.0,421026000.0,337277000.0,286630000.0,276371000.0,248997000.0,197668000.0,85551000.0,39084000.0,15689000.0,14562000.0,15006000.0,13925000.0
,costOfRevenue,117328000.0,106712000.0,86845000.0,87915000.0,110104000.0,71837000.0,77440000.0,54772000.0,32139000.0,16739000.0,12276000.0,12301000.0,17463000.0
,grossProfit,303502000.0,314314000.0,250432000.0,198715000.0,166267000.0,177160000.0,120228000.0,30779000.0,6945000.0,-1050000.0,2286000.0,2705000.0,-3538000.0
,grossProfitRatio,0.721198583751158,0.746542968842779,0.742511348238985,0.693280535882497,0.601607983471493,0.711494515998185,0.608231984944452,0.359773702236093,0.177694197113908,-0.0669258716298043,0.156983930778739,0.180261228841797,-0.254075403949731
,,,,,,,,,,,,,,,,,,,,,,,,,,,,,,,,,,,,,,,,,,,,,,,,,,,,,,,,,,,,,,,,,,,,,,,,,,,,,,,,,,,,,,,,,,,,,,,,,,,,,
COST And EXPENSES,,,,,,,,,,,,,,,,,,,,,,,,,,,,,,,,,,,,,,,,,,,,,,,,,,,,,,,,,,,,,,,,,,,,,,,,,,,,,,,,,,,,,,,,,,,,,,,,,,,,,
,ResearchAndDevelopmentExpenses,59421000.0,72119000.0,55688000.0,57290000.0,45678000.0,28662000.0,18731000.0,21560000.0,9937000.0,14873000.0,18628000.0,26233000.0,33214000.0
,GeneralAndAdministrativeExpenses,193516000.0,71119000.0,70159000.0,66691000.0,63395000.0,61310000.0,41652000.0,20959000.0,15974000.0,20159000.0,0.0,0.0,0.0
,SellingAndMarketingExpenses,0.0,129663000.0,107106000.0,94803000.0,89218000.0,77733000.0,65010000.0,41549000.0,30332000.0,0.0,0.0,0.0,0.0
,otherExpenses,2852000.0,-4976000.0,-888000.0,167000.0,-82000.0,-165000.0,-159000.0,-47000.0,-111000.0,0.0,0.0,0.0,0.0
,operatingExpenses,260803000.0,278604000.0,232953000.0,218784000.0,198291000.0,167705000.0,125393000.0,84068000.0,56243000.0,35032000.0,0.0,0.0,0.0
,costAndExpenses,378131000.0,385316000.0,319798000.0,306699000.0,308395000.0,239542000.0,202833000.0,138840000.0,88382000.0,51771000.0,36934000.0,43554000.0,59288000.0
,interestExpense,25671000.0,21921000.0,20315000.0,16666000.0,6449000.0,7110000.0,8278000.0,7253000.0,1807000.0,4780000.0,4889000.0,3603000.0,3490000.0
,,,,,,,,,,,,,,,,,,,,,,,,,,,,,,,,,,,,,,,,,,,,,,,,,,,,,,,,,,,,,,,,,,,,,,,,,,,,,,,,,,,,,,,,,,,,,,,,,,,,,
EBITDA,,,,,,,,,,,,,,,,,,,,,,,,,,,,,,,,,,,,,,,,,,,,,,,,,,,,,,,,,,,,,,,,,,,,,,,,,,,,,,,,,,,,,,,,,,,,,,,,,,,,,
,depreciationAndAmortization,7866000.0,5703000.0,13165000.0,13833000.0,12919000.0,11475000.0,10035000.0,5747000.0,5648000.0,0.0,4252000.0,4432000.0,3831000.0
,EBITDA,50565000.0,41413000.0,30644000.0,-6236000.0,-19105000.0,20930000.0,4870000.0,-47542000.0,-43650000.0,-29047000.0,-18120000.0,-24116000.0,-41532000.0
,EBITDARatio,0.120155407171542,0.0983620964025975,0.0908570700047735,-0.0217562711509612,-0.0691280923106983,0.0840572376374012,0.0246372705749034,-0.555715304321399,-1.11682529935523,-1.85142456498183,-1.24433456942728,-1.60709049713448,-2.98254937163375
,,,,,,,,,,,,,,,,,,,,,,,,,,,,,,,,,,,,,,,,,,,,,,,,,,,,,,,,,,,,,,,,,,,,,,,,,,,,,,,,,,,,,,,,,,,,,,,,,,,,,
INCOME,,,,,,,,,,,,,,,,,,,,,,,,,,,,,,,,,,,,,,,,,,,,,,,,,,,,,,,,,,,,,,,,,,,,,,,,,,,,,,,,,,,,,,,,,,,,,,,,,,,,,
,operatingIncome,42699000.0,35710000.0,17479000.0,-20069000.0,-32024000.0,9455000.0,-5165000.0,-53289000.0,-49298000.0,-36082000.0,-22372000.0,-28548000.0,-45363000.0
,operatingIncomeRatio,0.101463773970487,0.0848166146508767,0.051823871773053,-0.0700170952098524,-0.115873228377797,0.0379723450483339,-0.0261296719752312,-0.62289160851422,-1.26133456145737,-2.29982790490152,-1.53632742755116,-1.90243902439024,-3.25766606822262
,totalOtherIncomeExpensesNet,-10385000.0,-30206000.0,-2452000.0,-8433000.0,-82000.0,-288000.0,-482000.0,-4068000.0,-1451000.0,-2721000.0,-34000.0,367000.0,-224000.0
,incomeBeforeTax,20089000.0,-10748000.0,-425000.0,-42471000.0,-37844000.0,2120000.0,-13543000.0,-64351000.0,-52281000.0,0.0,0.0,0.0,0.0
,incomeBeforeTaxRatio,0.0477366157355702,-0.0255281146532518,-0.0012600918532838,-0.148173603600461,-0.13693187780194,0.00851415880512617,-0.0685138717445413,-0.752194597374665,-1.33765735339269,0.0,0.0,0.0,0.0
,incomeTaxExpense,-125434000.0,268000.0,46000.0,140000.0,105000.0,264000.0,173000.0,-442000.0,0.0,0.0,0.0,0.0,0.0
,netIncome,145523000.0,-11016000.0,-471000.0,-42611000.0,-37949000.0,1856000.0,-13716000.0,-63909000.0,-52281000.0,-43328000.0,-27149000.0,-31707000.0,-41862000.0
,netIncomeRatio,0.34579996673241,-0.0261646549144233,-0.00139647826563922,-0.148662038167673,-0.137311801889489,0.00745390506712932,-0.0693890766335472,-0.747028088508609,-1.33765735339269,-2.76168015807253,-1.86437302568329,-2.11295481807277,-3.00624775583483
,,,,,,,,,,,,,,,,,,,,,,,,,,,,,,,,,,,,,,,,,,,,,,,,,,,,,,,,,,,,,,,,,,,,,,,,,,,,,,,,,,,,,,,,,,,,,,,,,,,,,
EPS,,,,,,,,,,,,,,,,,,,,,,,,,,,,,,,,,,,,,,,,,,,,,,,,,,,,,,,,,,,,,,,,,,,,,,,,,,,,,,,,,,,,,,,,,,,,,,,,,,,,,
,EPS,3.50548021101824,-0.27,-0.01,-1.07,-1.02,0.05,-0.39,-1.93,-1.72,-2.64,-47.29,-55.32,-79.23
,EPSDiluted,3.50548021101824,-0.27,-0.01,-1.07,-1.02,0.04,-0.39,-1.93,-1.72,-2.64,-47.29,-55.32,-79.23
,weightedAverageShsOut,41513000.0,41513000.0,40911000.0,39806000.0,37236000.0,36540000.0,35299000.0,33181895.0,30331965.0,16437464.0,574072.0,573118.0,528357.0
,weightedAverageShsOutDil,41513000.0,41513000.0,40911000.0,39806000.0,37236000.0,41301000.0,35299000.0,33181895.0,30331965.0,16437464.0,574072.0,573118.0,528357.0
