date,,2020-04-25_FY,2019-04-27_FY,2018-04-28_FY,2017-04-29_FY,2016-04-30_FY,2015-04-25_FY,2014-04-26_FY,2013-04-27_FY,2012-04-28_FY,2011-04-30_FY,2010-04-24_FY,2009-04-25_FY,2008-04-26_FY,2007-04-28_FY,2006-04-29_FY,2005-04-30_FY,2004-04-24_FY,2003-04-26_FY,2002-04-27_FY,2001-04-28_FY,2000-04-29_FY,1999-04-24_FY,1998-04-25_FY,1997-04-26_FY,1996-04-30_FY,1995-04-30_FY,1994-04-30_FY,1993-04-30_FY,1992-04-30_FY,1991-04-30_FY
,revenue,5490011000.0,5574523000.0,5465683000.0,5593127000.0,5386703000.0,3910865000.0,3585100000.0,3637200000.0,3535700000.0,3415670000.0,3237400000.0,3094200000.0,2998700000.0,2798400000.0,2615100000.0,2421457000.0,1969300000.0,1657000000.0,1415500000.0,1156500000.0,1045900000.0,883300000.0,778200000.0,687900000.0,581900000.0,532600000.0,466900000.0,342800000.0,277100000.0,243100000.0
,costOfRevenue,4292601000.0,4383748000.0,4266317000.0,4291730000.0,4063955000.0,2850316000.0,2566400000.0,2446400000.0,2373100000.0,2271445000.0,2148000000.0,2050700000.0,1967000000.0,1829500000.0,1700700000.0,1558946000.0,1267000000.0,1082400000.0,921300000.0,747300000.0,678800000.0,571700000.0,488300000.0,440300000.0,372800000.0,339600000.0,298800000.0,221800000.0,179800000.0,156600000.0
,grossProfit,1197410000.0,1190775000.0,1199366000.0,1301397000.0,1322748000.0,1060549000.0,1018700000.0,1190800000.0,1162500000.0,1144225000.0,1089400000.0,1043500000.0,1031700000.0,968900000.0,914400000.0,862511000.0,702300000.0,574600000.0,494200000.0,409200000.0,367100000.0,311600000.0,289900000.0,247600000.0,209100000.0,193000000.0,168100000.0,121000000.0,97300000.0,86500000.0
,grossProfitRatio,0.218107031115238,0.213610204855196,0.21943570455879,0.232677891991367,0.245557997164499,0.271180160910694,0.284148280382695,0.32739469921918,0.32878920722912,0.334992841814344,0.336504602458763,0.337243875638291,0.344049087938107,0.346233562035449,0.349661580819089,0.356195051161346,0.35662418118113,0.346771273385637,0.349134581419993,0.353826199740597,0.350989578353571,0.352768028982226,0.372526342842457,0.359936037214711,0.35934009279945,0.362373263236951,0.360034268579996,0.352975495915986,0.351136773727896,0.355820649938297
,,,,,,,,,,,,,,,,,,,,,,,,,,,,,,,,,,,,,,,,,,,,,,,,,,,,,,,,,,,,,,,,,,,,,,,,,,,,,,,,,,,,,,,,,,,,,,,,,,,,,
COST And EXPENSES,,,,,,,,,,,,,,,,,,,,,,,,,,,,,,,,,,,,,,,,,,,,,,,,,,,,,,,,,,,,,,,,,,,,,,,,,,,,,,,,,,,,,,,,,,,,,,,,,,,,,
,ResearchAndDevelopmentExpenses,0.0,0.0,0.0,0.0,0.0,0.0,0.0,0.0,0.0,0.0,0.0,0.0,0.0,0.0,0.0,0.0,0.0,0.0,0.0,0.0,0.0,0.0,0.0,0.0,0.0,0.0,0.0,0.0,0.0,0.0
,GeneralAndAdministrativeExpenses,0.0,0.0,0.0,0.0,0.0,0.0,0.0,0.0,0.0,768217000.0,0.0,0.0,0.0,0.0,0.0,560375000.0,0.0,0.0,0.0,0.0,0.0,0.0,0.0,0.0,0.0,0.0,0.0,0.0,0.0,0.0
,SellingAndMarketingExpenses,0.0,0.0,0.0,0.0,0.0,0.0,0.0,0.0,0.0,0.0,0.0,0.0,0.0,0.0,0.0,0.0,0.0,0.0,0.0,0.0,0.0,0.0,0.0,0.0,0.0,0.0,0.0,0.0,0.0,0.0
,otherExpenses,1094474000.0,1053059000.0,979477000.0,1013469000.0,4045000.0,755963000.0,725000000.0,836300000.0,804500000.0,0.0,734100000.0,697300000.0,672500000.0,633200000.0,591400000.0,0.0,459800000.0,395600000.0,347000000.0,294000000.0,269700000.0,234100000.0,225500000.0,196400000.0,0.0,0.0,0.0,0.0,0.0,0.0
,operatingExpenses,1769529000.0,1053059000.0,979477000.0,1013469000.0,975035000.0,755963000.0,725000000.0,836400000.0,804600000.0,768217000.0,734100000.0,697300000.0,672500000.0,633200000.0,591400000.0,560375000.0,459800000.0,395600000.0,347000000.0,294000000.0,269600000.0,234100000.0,225500000.0,196400000.0,0.0,0.0,0.0,0.0,0.0,0.0
,costAndExpenses,6062130000.0,5436807000.0,5245794000.0,5305199000.0,5038990000.0,3606279000.0,3291400000.0,3282800000.0,3177700000.0,3039662000.0,2882100000.0,2748000000.0,2639500000.0,2462700000.0,2292100000.0,2119321000.0,1726800000.0,1478000000.0,1268300000.0,1041300000.0,948400000.0,805800000.0,713800000.0,636700000.0,537300000.0,493600000.0,434700000.0,322500000.0,263600000.0,231800000.0
,interestExpense,41787000.0,39666000.0,46743000.0,43060000.0,50065000.0,33693000.0,35713000.0,36397000.0,30343000.0,25840000.0,25694000.0,30149000.0,12792000.0,14230000.0,13375000.0,0.0,9627000.0,7500000.0,4200000.0,6200000.0,4700000.0,2200000.0,1300000.0,1100000.0,0.0,0.0,0.0,0.0,0.0,0.0
,,,,,,,,,,,,,,,,,,,,,,,,,,,,,,,,,,,,,,,,,,,,,,,,,,,,,,,,,,,,,,,,,,,,,,,,,,,,,,,,,,,,,,,,,,,,,,,,,,,,,
EBITDA,,,,,,,,,,,,,,,,,,,,,,,,,,,,,,,,,,,,,,,,,,,,,,,,,,,,,,,,,,,,,,,,,,,,,,,,,,,,,,,,,,,,,,,,,,,,,,,,,,,,,
,depreciationAndAmortization,82182000.0,82773000.0,83816000.0,83818000.0,82383000.0,44523000.0,42400000.0,46000000.0,42300000.0,41339000.0,39500000.0,30400000.0,26300000.0,25500000.0,23700000.0,26862000.0,19400000.0,12800000.0,14300000.0,11100000.0,10200000.0,9100000.0,8300000.0,6200000.0,2800000.0,2400000.0,1600000.0,1700000.0,500000.0,200000.0
,EBITDA,-489937000.0,220489000.0,303705000.0,371746000.0,430096000.0,349109000.0,336100000.0,400500000.0,400300000.0,417347000.0,394800000.0,376600000.0,385500000.0,361200000.0,346700000.0,328998000.0,261900000.0,191700000.0,161500000.0,126200000.0,107700000.0,86600000.0,72700000.0,57400000.0,47400000.0,41400000.0,33800000.0,22000000.0,14000000.0,11500000.0
,EBITDARatio,-0.0892415333958347,0.0395529805868592,0.0555657911371735,0.0664647879442037,0.0798440159036056,0.0892664410558789,0.093749128336727,0.110112174199934,0.113216619057047,0.122185984008994,0.12194971273244,0.121711589425377,0.128555707473238,0.129073756432247,0.132576192115024,0.135867785387062,0.132991418270451,0.115691007845504,0.114093959731544,0.109122351923908,0.10297351563247,0.0980414355258689,0.0934207144692881,0.083442360808257,0.0814572950678811,0.0777318813368382,0.0723923752409509,0.0641773628938156,0.0505232767953807,0.0473056355409297
,,,,,,,,,,,,,,,,,,,,,,,,,,,,,,,,,,,,,,,,,,,,,,,,,,,,,,,,,,,,,,,,,,,,,,,,,,,,,,,,,,,,,,,,,,,,,,,,,,,,,
INCOME,,,,,,,,,,,,,,,,,,,,,,,,,,,,,,,,,,,,,,,,,,,,,,,,,,,,,,,,,,,,,,,,,,,,,,,,,,,,,,,,,,,,,,,,,,,,,,,,,,,,,
,operatingIncome,-572119000.0,137716000.0,219889000.0,287928000.0,347713000.0,304586000.0,293700000.0,354500000.0,358000000.0,376008000.0,355300000.0,346200000.0,359200000.0,335700000.0,323000000.0,302136000.0,242500000.0,178900000.0,147200000.0,115100000.0,97500000.0,77500000.0,64400000.0,51200000.0,44600000.0,39000000.0,32200000.0,20300000.0,13500000.0,11300000.0
,operatingIncomeRatio,-0.104210902309668,0.0247045352579943,0.0402308366584743,0.0514788954372036,0.0645502452984692,0.0778820030862738,0.0819224010487852,0.0974650830309029,0.10125293435529,0.110083234036075,0.109748563662198,0.111886755865813,0.119785240270784,0.11996140651801,0.123513441168598,0.1247744642998,0.12314020210227,0.107966203983102,0.103991522430237,0.0995244271508863,0.0932211492494502,0.0877391599683007,0.0827550758159856,0.0744294228812327,0.0766454717305379,0.0732256853173113,0.0689655172413793,0.059218203033839,0.0487188740526886,0.04648292883587
,totalOtherIncomeExpensesNet,42211000.0,11081000.0,6117000.0,6013000.0,4045000.0,3425000.0,3300000.0,3000000.0,-2800000.0,5719000.0,1700000.0,4900000.0,11700000.0,800000.0,1000000.0,6452000.0,6600000.0,0.0,0.0,0.0,0.0,0.0,0.0,0.0,1500000.0,700000.0,300000.0,1200000.0,1400000.0,1700000.0
,incomeBeforeTax,-590407000.0,106228000.0,179263000.0,250881000.0,301693000.0,274318000.0,261300000.0,321100000.0,329800000.0,355887000.0,339000000.0,319700000.0,357400000.0,329600000.0,317000000.0,293447000.0,239500000.0,186400000.0,151300000.0,121300000.0,102100000.0,79700000.0,65700000.0,52300000.0,45700000.0,39200000.0,32000000.0,20400000.0,12500000.0,10400000.0
,incomeBeforeTaxRatio,-0.107542043176234,0.0190559802157063,0.0327979138197367,0.044855230356829,0.0560069860914923,0.0701425387989614,0.0728849962344147,0.0882821950951281,0.0932771445541194,0.104192442478342,0.104713659109162,0.103322345032642,0.119184980158068,0.117781589479703,0.121219073840389,0.121186128847219,0.121616818158737,0.112492456246228,0.106888025432709,0.104885430177259,0.0976192752653217,0.0902298199932073,0.0844255975327679,0.0760284925134467,0.0785358308987799,0.0736012016522719,0.0685371599914329,0.05950991831972,0.0451100685673042,0.0427807486631016
,incomeTaxExpense,-1040000.0,23352000.0,-21711000.0,77093000.0,116009000.0,119410000.0,112300000.0,110845000.0,116997000.0,130502000.0,126800000.0,120000000.0,132600000.0,121300000.0,118500000.0,109749000.0,90100000.0,70100000.0,56900000.0,45700000.0,38500000.0,29800000.0,24900000.0,19700000.0,17000000.0,15000000.0,12700000.0,7200000.0,4000000.0,3100000.0
,netIncome,-588446000.0,83628000.0,200974000.0,170893000.0,187184000.0,223261000.0,200600000.0,210300000.0,212800000.0,225385000.0,212300000.0,199600000.0,224900000.0,208300000.0,198400000.0,183698000.0,149500000.0,119700000.0,94400000.0,75600000.0,63600000.0,49900000.0,40800000.0,32600000.0,28700000.0,24200000.0,19300000.0,12700000.0,8500000.0,7300000.0
,netIncomeRatio,-0.107184848992106,0.0150018216805276,0.0367701529708181,0.0305541068529286,0.0347492705649448,0.057087370696764,0.0559538088198377,0.0578192015836358,0.0601861017620273,0.0659855899428223,0.0655773151294248,0.0645077887660785,0.074999166305399,0.0744353916523728,0.0758670796527857,0.0758625901678204,0.0759152998527396,0.0722389861194931,0.0666902154715648,0.0653696498054475,0.0608088727411798,0.0564926978376543,0.0524286815728604,0.0473906091001599,0.0493211892077677,0.0454374765302291,0.0413364746198329,0.0370478413068845,0.0306748466257669,0.0300287947346771
,,,,,,,,,,,,,,,,,,,,,,,,,,,,,,,,,,,,,,,,,,,,,,,,,,,,,,,,,,,,,,,,,,,,,,,,,,,,,,,,,,,,,,,,,,,,,,,,,,,,,
EPS,,,,,,,,,,,,,,,,,,,,,,,,,,,,,,,,,,,,,,,,,,,,,,,,,,,,,,,,,,,,,,,,,,,,,,,,,,,,,,,,,,,,,,,,,,,,,,,,,,,,,
,EPS,-6.24982,0.89457,2.15883,1.7882,1.93,2.23946,1.97441,2.02601,1.92058,1.91,1.78104,1.68581,1.69225,1.51161,1.42529,1.34,1.08491,0.87436,0.69208,0.55793,0.47076,0.37239,0.30746,0.24924,0.218333,0.19,0.15,0.1,0.065,0.055
,EPSDiluted,-6.24982,0.89457,2.15883,1.7882,1.91,2.23946,1.97441,2.02601,1.92058,1.89,1.78104,1.68581,1.69225,1.51161,1.42529,1.32,1.08491,0.87436,0.69208,0.55793,0.47076,0.37239,0.30746,0.24924,0.218333,0.19,0.15,0.1,0.065,0.055
,weightedAverageShsOut,94154000.0,93484000.0,93094000.0,95567000.0,97222000.0,99694000.0,101600000.0,103800000.0,110800000.0,118290000.0,119200000.0,118400000.0,132900000.0,137800000.0,139200000.0,136839000.0,137800000.0,136900000.0,136400000.0,135500000.0,135100000.0,134000000.0,132700000.0,130800000.0,129234000.0,122631579.0,122666667.0,127000000.0,130769231.0,132727273.0
,weightedAverageShsOutDil,94154000.0,93484000.0,93094000.0,95567000.0,97902000.0,99694000.0,101600000.0,103800000.0,110800000.0,119066000.0,119200000.0,118400000.0,132900000.0,137800000.0,139200000.0,138873000.0,137800000.0,136900000.0,136400000.0,135500000.0,135100000.0,134000000.0,132700000.0,130800000.0,130967742.0,122631579.0,122666667.0,127000000.0,130769231.0,132727273.0
