date,,2020-12-26_FY,2019-12-28_FY,2018-12-29_FY,2017-12-30_FY,2016-12-31_FY,2015-12-26_FY,2014-12-27_FY,2013-12-28_FY,2012-12-29_FY,2011-12-31_FY,2010-12-25_FY,2009-12-26_FY,2008-12-27_FY,2007-12-29_FY,2006-12-30_FY,2005-12-31_FY,2004-12-25_FY,2003-12-27_FY,2002-12-28_FY,2001-12-29_FY,2000-12-30_FY,1999-12-25_FY,1998-12-26_FY,1997-12-27_FY,1996-12-28_FY,1995-12-30_FY
,revenue,70372000000.0,67161000000.0,64661000000.0,63525000000.0,62799000000.0,63056000000.0,66683000000.0,66415000000.0,65492000000.0,66504000000.0,57838000000.0,43232000000.0,43251000000.0,39474000000.0,35137000000.0,32562000000.0,29261000000.0,26971000000.0,25112000000.0,26935000000.0,20438000000.0,20367000000.0,22348000000.0,20917000000.0,31645000000.0,30421000000.0
,costOfRevenue,31797000000.0,29983000000.0,29378000000.0,28796000000.0,28209000000.0,28731000000.0,31238000000.0,31075000000.0,31291000000.0,31593000000.0,26575000000.0,20099000000.0,20351000000.0,18038000000.0,15762000000.0,14176000000.0,13406000000.0,12379000000.0,11497000000.0,10754000000.0,7943000000.0,8198000000.0,9330000000.0,8525000000.0,15383000000.0,14886000000.0
,grossProfit,38575000000.0,37178000000.0,35283000000.0,34729000000.0,34590000000.0,34325000000.0,35445000000.0,35340000000.0,34201000000.0,34911000000.0,31263000000.0,23133000000.0,22900000000.0,21436000000.0,19375000000.0,18386000000.0,15855000000.0,14592000000.0,13615000000.0,16181000000.0,12495000000.0,12169000000.0,13018000000.0,12392000000.0,16262000000.0,15535000000.0
,grossProfitRatio,0.548158358438015,0.553565313202603,0.545661217735575,0.546698150334514,0.550804949123394,0.544357396599848,0.531544771530975,0.532108710381691,0.522216453918036,0.524945867917719,0.540526989176666,0.535089748334567,0.529467526762387,0.543040989005421,0.55141304038478,0.564645906271114,0.541847510337992,0.541025545956768,0.542171073590315,0.600742528308892,0.611361189940307,0.597486129523248,0.582512976552712,0.592436773915954,0.5138884499921,0.510666973472272
,,,,,,,,,,,,,,,,,,,,,,,,,,,,,,,,,,,,,,,,,,,,,,,,,,,,,,,,,,,,,,,,,,,,,,,,,,,,,,,,,,,,,,,,,,,,,,,,,,,,,
COST And EXPENSES,,,,,,,,,,,,,,,,,,,,,,,,,,,,,,,,,,,,,,,,,,,,,,,,,,,,,,,,,,,,,,,,,,,,,,,,,,,,,,,,,,,,,,,,,,,,,,,,,,,,,
,ResearchAndDevelopmentExpenses,0.0,711000000.0,680000000.0,737000000.0,0.0,754000000.0,718000000.0,665000000.0,0.0,0.0,488000000.0,414000000.0,364000000.0,0.0,0.0,0.0,0.0,0.0,0.0,0.0,0.0,0.0,0.0,0.0,0.0,0.0
,GeneralAndAdministrativeExpenses,28495000000.0,25809000000.0,24137000000.0,23502000000.0,24735000000.0,23568000000.0,24636000000.0,24417000000.0,24675000000.0,25145000000.0,22326000000.0,14612000000.0,15537000000.0,14208000000.0,12774000000.0,12314000000.0,10299000000.0,9460000000.0,8523000000.0,11608000000.0,9132000000.0,9103000000.0,9924000000.0,9241000000.0,12593000000.0,11712000000.0
,SellingAndMarketingExpenses,0.0,0.0,0.0,0.0,0.0,0.0,0.0,0.0,0.0,0.0,0.0,0.0,0.0,0.0,0.0,0.0,0.0,0.0,0.0,0.0,0.0,0.0,0.0,0.0,0.0,0.0
,otherExpenses,117000000.0,-44000000.0,298000000.0,0.0,0.0,0.0,0.0,0.0,0.0,0.0,0.0,0.0,0.0,0.0,0.0,0.0,0.0,0.0,0.0,0.0,0.0,0.0,0.0,0.0,0.0,0.0
,operatingExpenses,28495000000.0,26889000000.0,25173000000.0,24453000000.0,24805000000.0,25972000000.0,25864000000.0,25635000000.0,25089000000.0,25278000000.0,22931000000.0,15089000000.0,15965000000.0,14266000000.0,12936000000.0,12464000000.0,10596000000.0,9811000000.0,8885000000.0,12160000000.0,9270000000.0,9351000000.0,10434000000.0,9730000000.0,13716000000.0,12548000000.0
,costAndExpenses,60292000000.0,56872000000.0,54551000000.0,53249000000.0,53014000000.0,54703000000.0,57102000000.0,56710000000.0,56380000000.0,56871000000.0,49506000000.0,35188000000.0,36316000000.0,32304000000.0,28698000000.0,26640000000.0,24002000000.0,22190000000.0,20382000000.0,22914000000.0,17213000000.0,17549000000.0,19764000000.0,18255000000.0,29099000000.0,27434000000.0
,interestExpense,1128000000.0,1135000000.0,1525000000.0,1151000000.0,1342000000.0,970000000.0,909000000.0,911000000.0,899000000.0,856000000.0,903000000.0,397000000.0,329000000.0,224000000.0,239000000.0,0.0,167000000.0,163000000.0,138000000.0,8000000.0,-15000000.0,-162000000.0,-321000000.0,-353000000.0,-499000000.0,-555000000.0
,,,,,,,,,,,,,,,,,,,,,,,,,,,,,,,,,,,,,,,,,,,,,,,,,,,,,,,,,,,,,,,,,,,,,,,,,,,,,,,,,,,,,,,,,,,,,,,,,,,,,
EBITDA,,,,,,,,,,,,,,,,,,,,,,,,,,,,,,,,,,,,,,,,,,,,,,,,,,,,,,,,,,,,,,,,,,,,,,,,,,,,,,,,,,,,,,,,,,,,,,,,,,,,,
,depreciationAndAmortization,2548000000.0,2432000000.0,2399000000.0,2369000000.0,70000000.0,2416000000.0,2625000000.0,2663000000.0,2689000000.0,133000000.0,2327000000.0,1635000000.0,1543000000.0,1426000000.0,1406000000.0,150000000.0,1264000000.0,1221000000.0,1112000000.0,1082000000.0,960000000.0,1032000000.0,1234000000.0,1106000000.0,1719000000.0,1740000000.0
,EBITDA,11617000000.0,12721000000.0,12509000000.0,12645000000.0,9855000000.0,10769000000.0,12206000000.0,12368000000.0,11801000000.0,9766000000.0,10659000000.0,9679000000.0,8478000000.0,8596000000.0,7845000000.0,6072000000.0,6523000000.0,6002000000.0,5842000000.0,5103000000.0,4185000000.0,3850000000.0,3818000000.0,3768000000.0,4265000000.0,4727000000.0
,EBITDARatio,0.165079861308475,0.189410520986882,0.193455096580628,0.199055489964581,0.156929250465772,0.170784699314895,0.183045153937285,0.186222991794022,0.180189946863739,0.146848309876098,0.184290604792697,0.223885085122132,0.196018589165568,0.217763591224604,0.22326891880354,0.186475032246177,0.222924712074092,0.222535315709466,0.232637782733355,0.189456098013737,0.204765632645073,0.189031276083861,0.170843028458922,0.180140555528996,0.134776425975668,0.155386081982841
,,,,,,,,,,,,,,,,,,,,,,,,,,,,,,,,,,,,,,,,,,,,,,,,,,,,,,,,,,,,,,,,,,,,,,,,,,,,,,,,,,,,,,,,,,,,,,,,,,,,,
INCOME,,,,,,,,,,,,,,,,,,,,,,,,,,,,,,,,,,,,,,,,,,,,,,,,,,,,,,,,,,,,,,,,,,,,,,,,,,,,,,,,,,,,,,,,,,,,,,,,,,,,,
,operatingIncome,9069000000.0,10289000000.0,10110000000.0,10276000000.0,9785000000.0,8353000000.0,9581000000.0,9705000000.0,9112000000.0,9633000000.0,8332000000.0,8044000000.0,6935000000.0,7170000000.0,6439000000.0,5922000000.0,5259000000.0,4781000000.0,4730000000.0,4021000000.0,3225000000.0,2818000000.0,2584000000.0,2662000000.0,2546000000.0,2987000000.0
,operatingIncomeRatio,0.128872278747229,0.153199029198493,0.156353907301155,0.161763085399449,0.155814583034762,0.132469550875412,0.14367979844938,0.146126628020778,0.13913149697673,0.144848430169614,0.144057540025589,0.186065877128053,0.160343113454024,0.181638546891625,0.183254119589037,0.181868435599779,0.179727282047777,0.177264469244744,0.188356164383562,0.149285316502692,0.15779430472649,0.138361074286837,0.115625559334169,0.127264904144954,0.0804550481908674,0.0981887511916111
,totalOtherIncomeExpensesNet,117000000.0,-42000000.0,298000000.0,233000000.0,0.0,59000000.0,85000000.0,97000000.0,91000000.0,0.0,0.0,0.0,0.0,0.0,0.0,557000000.0,0.0,0.0,0.0,0.0,0.0,0.0,0.0,0.0,0.0,0.0
,incomeBeforeTax,9069000000.0,9312000000.0,9189000000.0,9602000000.0,8553000000.0,7442000000.0,8757000000.0,8891000000.0,8304000000.0,8834000000.0,8232000000.0,8079000000.0,7021000000.0,7631000000.0,6989000000.0,6382000000.0,5546000000.0,4992000000.0,4868000000.0,4029000000.0,3210000000.0,3656000000.0,2263000000.0,2309000000.0,2047000000.0,2432000000.0
,incomeBeforeTaxRatio,0.128872278747229,0.138651896189753,0.142110391116747,0.151153089334908,0.136196436248985,0.118022075615326,0.131322825907653,0.133870360611308,0.126794112257986,0.132834115241188,0.142328572910543,0.186875462620281,0.16233150678597,0.193317120129706,0.198907134928992,0.195995331982065,0.189535559276853,0.185087686774684,0.19385154507805,0.149582327826248,0.157060377727762,0.179506063730545,0.101261857884374,0.110388679064875,0.0646863643545584,0.0799447749909602
,incomeTaxExpense,1894000000.0,1967000000.0,-3370000000.0,4694000000.0,2174000000.0,1941000000.0,2199000000.0,2104000000.0,2090000000.0,2372000000.0,1894000000.0,2100000000.0,1879000000.0,1973000000.0,1347000000.0,2304000000.0,1372000000.0,1424000000.0,1555000000.0,1367000000.0,1027000000.0,1606000000.0,270000000.0,818000000.0,898000000.0,826000000.0
,netIncome,7175000000.0,7314000000.0,12515000000.0,4857000000.0,6329000000.0,5452000000.0,6513000000.0,6740000000.0,6178000000.0,6443000000.0,6320000000.0,5946000000.0,5142000000.0,5658000000.0,5642000000.0,4078000000.0,4212000000.0,3568000000.0,3313000000.0,2662000000.0,2183000000.0,2050000000.0,1993000000.0,2142000000.0,1149000000.0,1606000000.0
,netIncomeRatio,0.101958165179333,0.108902488051101,0.193547888217009,0.0764580873671783,0.100781859583751,0.0864628266937326,0.097671070587706,0.101483098697583,0.0943321321688145,0.096881390593047,0.109270721670874,0.137537009622502,0.118887424568218,0.143334853321173,0.160571477360048,0.125238007493397,0.143945866511739,0.132290237662675,0.131928958266964,0.0988305179134955,0.106810842548195,0.100653017135562,0.0891802398424915,0.102404742553904,0.0363090535629641,0.0527924788797212
,,,,,,,,,,,,,,,,,,,,,,,,,,,,,,,,,,,,,,,,,,,,,,,,,,,,,,,,,,,,,,,,,,,,,,,,,,,,,,,,,,,,,,,,,,,,,,,,,,,,,
EPS,,,,,,,,,,,,,,,,,,,,,,,,,,,,,,,,,,,,,,,,,,,,,,,,,,,,,,,,,,,,,,,,,,,,,,,,,,,,,,,,,,,,,,,,,,,,,,,,,,,,,
,EPS,5.18050541516245,5.22802001429593,8.84452296819788,3.40842105263158,4.432073,3.71136827773996,4.31610337972167,4.37378325762492,3.96788696210662,4.119565,3.9587251514698,3.78897140130649,3.26000000102707,3.4800000020666,3.3444,2.43,2.43609,2.05175,1.85187,1.47316,1.48,1.37032,1.31205,1.36433,0.71544,0.99876
,EPSDiluted,5.16187050359712,5.19829424307036,8.78245614035088,3.37760778859527,4.36,3.67138047138047,4.26522593320236,4.32051282051282,3.92253968253968,4.03,3.89889555066535,3.74919217393348,3.21000000176044,3.41000000135002,3.3444,2.39,2.43609,2.05175,1.85187,1.47316,1.48,1.37032,1.31205,1.36433,0.71544,0.99876
,weightedAverageShsOut,1385000000.0,1399000000.0,1415000000.0,1425000000.0,1428000000.0,1469000000.0,1509000000.0,1541000000.0,1557000000.0,1564000000.0,1596473551.0,1569291338.0,1577300613.0,1625862068.0,1649707602.0,1669000000.0,1719183673.0,6731250000.0,1789000000.0,1807000000.0,1475000000.0,1496000000.0,1519000000.0,1570000000.0,1606000000.0,1608000000.0
,weightedAverageShsOutDil,1390000000.0,1407000000.0,1425000000.0,1438000000.0,1452000000.0,1485000000.0,1527000000.0,1560000000.0,1575000000.0,1597000000.0,1620971867.0,1585941644.0,1601869158.0,1659237536.0,1649707602.0,1705439331.0,1719183673.0,6731250000.0,1789000000.0,1807000000.0,1475000000.0,1496000000.0,1519000000.0,1570000000.0,1606000000.0,1608000000.0
