Date,2018-12-31,2017-12-31,2016-12-31,2015-12-31,2014-12-31,2013-12-31,2012-12-31,2011-12-31,2010-12-31,2009-12-31
Revenue,53557000.0,48116000.0,18590000.0,36214000.0,35331000.0,27022000.0,32189000.0,34986000.0,31321000.0,3610000.0
Revenue Growth,0.1131,1.5883,-0.4867,0.025,0.3075,-0.1605,-0.0799,0.117,7.6762,-0.5507
Cost of Revenue,0.0,0.0,0.0,0.0,0.0,0.0,0.0,0.0,0.0,0.0
Gross Profit,53557000.0,48116000.0,18590000.0,36214000.0,35331000.0,27022000.0,32189000.0,34986000.0,31321000.0,3610000.0
R&D Expenses,0.0,0.0,0.0,0.0,0.0,0.0,0.0,0.0,0.0,0.0
SG&A Expense,33157000.0,33692000.0,32722000.0,30927000.0,32200000.0,30723000.0,30951000.0,19659000.0,25210000.0,24558000.0
Operating Expenses,36970000.0,37758000.0,36401000.0,35324000.0,36808000.0,36346000.0,36470000.0,28069000.0,36317000.0,33251000.0
Operating Income,16587000.0,10358000.0,-17811000.0,890000.0,-1477000.0,-9324000.0,-4281000.0,6917000.0,-4996000.0,-29641000.0
Interest Expense,0.0,0.0,0.0,0.0,0.0,0.0,0.0,0.0,0.0,0.0
Earnings before Tax,16587000.0,10358000.0,-17811000.0,890000.0,-251000.0,-16606000.0,2734000.0,5207000.0,-4996000.0,-29641000.0
Income Tax Expense,-10752000.0,-91000.0,16832000.0,-11551000.0,-608000.0,5610000.0,-6920000.0,-6425000.0,8958000.0,-12333000.0
Net Income - Non-Controlling int,0.0,0.0,0.0,0.0,0.0,0.0,0.0,0.0,0.0,0.0
Net Income - Discontinued ops,0.0,0.0,0.0,0.0,-1226000.0,7282000.0,-7015000.0,85000.0,0.0,0.0
Net Income,27339000.0,10449000.0,-34643000.0,12441000.0,357000.0,-22216000.0,9654000.0,11632000.0,-13954000.0,-17308000.0
Preferred Dividends,0.0,0.0,0.0,1439000.0,1163000.0,1082000.0,958000.0,440000.0,1075000.0,61000.0
Net Income Com,27339000.0,10449000.0,-34643000.0,11002000.0,-806000.0,-23298000.0,8696000.0,11192000.0,-15029000.0,-17369000.0
EPS,1.17,0.45,-1.51,0.54,-0.04,-1.28,0.57,0.99,-1.44,-1.66
EPS Diluted,1.16,0.45,-1.51,0.53,-0.04,-1.28,0.55,0.98,-1.44,-1.66
Weighted Average Shs Out,21916195.0,23189550.0,22998587.0,22809211.0,19435031.0,18993455.0,16670703.0,12273003.0,10434665.0,10434665.0
Weighted Average Shs Out (Dil),22788164.0,23071671.0,22802439.0,20516575.0,19230913.0,18240891.0,15386106.0,11361389.0,10434665.0,10434665.0
Dividend per Share,0.0,0.0,0.0,0.0,0.0,0.0,0.0,0.0,0.0,0.0
Gross Margin,1.0,1.0,1.0,1.0,1.0,1.0,1.0,1.0,1.0,1.0
EBITDA Margin,0.317,0.224,-0.932,0.039,0.006,-0.595,0.101,0.163,-0.143,-8.075
EBIT Margin,0.3097,0.2153,-0.9581,0.0246,-0.0071,-0.6145,0.0849,0.1488,-0.1595,-8.2108
Profit Margin,0.51,0.217,-1.864,0.304,-0.023,-0.862,0.27,0.32,-0.48,-4.811
Free Cash Flow margin,0.3158,0.2145,0.2015,0.0381,0.2411,1.2966,0.2938,-1.0749,-0.3308,-2.8939
EBITDA,16992000.0,10786000.0,-17326000.0,1415000.0,211000.0,-16070000.0,3240000.0,5706000.0,-4492000.0,-29149000.0
EBIT,16587000.0,10358000.0,-17811000.0,890000.0,-251000.0,-16606000.0,2734000.0,5207000.0,-4996000.0,-29641000.0
Consolidated Income,27339000.0,10449000.0,-34643000.0,12441000.0,357000.0,-22216000.0,9654000.0,11632000.0,-13954000.0,-17308000.0
Earnings Before Tax Margin,0.3097,0.2153,-0.9581,0.0246,-0.0071,-0.6145,0.0849,0.1488,-0.1595,-8.2108
Net Profit Margin,0.5105,0.2172,-1.8635,0.3435,0.0101,-0.8221,0.2999,0.3325,-0.4455,-4.7945
