date,,2020-09-30_FY,2019-09-30_FY,2018-09-30_FY,2017-09-30_FY,2016-09-30_FY,2015-09-30_FY,2014-09-30_FY,2013-09-30_FY,2012-09-30_FY,2011-09-30_FY,2010-09-30_FY,2009-09-30_FY,2008-09-30_FY,2007-12-29_FY,2006-12-30_FY
,revenue,5698700000.0,5681100000.0,6257200000.0,5225800000.0,5026800000.0,4648200000.0,2411100000.0,1034100000.0,958900000.0,968200000.0,996700000.0,1072100000.0,842000000.0,1102700000.0,1092800000.0
,costOfRevenue,3911300000.0,3889000000.0,4390400000.0,3651700000.0,3479400000.0,3473800000.0,1789900000.0,609200000.0,530000000.0,516600000.0,553700000.0,570800000.0,497500000.0,639500000.0,636600000.0
,grossProfit,1787400000.0,1792100000.0,1866800000.0,1574100000.0,1547400000.0,1174400000.0,621200000.0,424900000.0,428900000.0,451600000.0,443000000.0,501300000.0,344500000.0,463200000.0,456200000.0
,grossProfitRatio,0.313650481688806,0.315449472813364,0.298344307357924,0.301217038539554,0.30783003103366,0.252656942472355,0.257641740284517,0.410888695483996,0.447283345500052,0.466432555257178,0.444466740242801,0.467586978826602,0.409144893111639,0.420059853087875,0.417459736456808
,,,,,,,,,,,,,,,,,,,,,,,,,,,,,,,,,,,,,,,,,,,,,,,,,,,,,,,,,,,,,,,,,,,,,,,,,,,,,,,,,,,,,,,,,,,,,,,,,,,,,
COST And EXPENSES,,,,,,,,,,,,,,,,,,,,,,,,,,,,,,,,,,,,,,,,,,,,,,,,,,,,,,,,,,,,,,,,,,,,,,,,,,,,,,,,,,,,,,,,,,,,,,,,,,,,,
,ResearchAndDevelopmentExpenses,0.0,0.0,0.0,0.0,0.0,0.0,0.0,0.0,0.0,0.0,0.0,0.0,0.0,0.0,0.0
,GeneralAndAdministrativeExpenses,934300000.0,911600000.0,975200000.0,867400000.0,839700000.0,734100000.0,444400000.0,294400000.0,274500000.0,239500000.0,218800000.0,243200000.0,194300000.0,267000000.0,256900000.0
,SellingAndMarketingExpenses,0.0,0.0,0.0,0.0,0.0,0.0,0.0,0.0,0.0,0.0,0.0,0.0,0.0,0.0,0.0
,otherExpenses,11500000.0,13200000.0,0.0,91800000.0,-182900000.0,-92500000.0,-35500000.0,0.0,1600000.0,0.0,0.0,800000.0,2400000.0,15200000.0,9300000.0
,operatingExpenses,1086900000.0,1074400000.0,1154400000.0,1027300000.0,1001700000.0,900900000.0,518200000.0,310400000.0,289800000.0,253700000.0,232800000.0,286100000.0,198900000.0,282200000.0,266200000.0
,costAndExpenses,4998200000.0,4963400000.0,5544800000.0,4679000000.0,4481100000.0,4374700000.0,2308100000.0,919600000.0,819800000.0,770300000.0,786500000.0,856900000.0,696400000.0,921700000.0,902800000.0
,interestExpense,388600000.0,322400000.0,387300000.0,314800000.0,306500000.0,287500000.0,183700000.0,85500000.0,60300000.0,51500000.0,51500000.0,-58300000.0,-9600000.0,0.0,0.0
,,,,,,,,,,,,,,,,,,,,,,,,,,,,,,,,,,,,,,,,,,,,,,,,,,,,,,,,,,,,,,,,,,,,,,,,,,,,,,,,,,,,,,,,,,,,,,,,,,,,,
EBITDA,,,,,,,,,,,,,,,,,,,,,,,,,,,,,,,,,,,,,,,,,,,,,,,,,,,,,,,,,,,,,,,,,,,,,,,,,,,,,,,,,,,,,,,,,,,,,,,,,,,,,
,depreciationAndAmortization,160300000.0,161300000.0,177400000.0,159100000.0,152600000.0,141700000.0,70800000.0,14600000.0,12600000.0,12600000.0,12700000.0,50600000.0,30100000.0,35200000.0,34900000.0
,EBITDA,860800000.0,879000000.0,889800000.0,705900000.0,698300000.0,415200000.0,173800000.0,129100000.0,151700000.0,210500000.0,222900000.0,265800000.0,175700000.0,216200000.0,224900000.0
,EBITDARatio,0.151051994314493,0.154723557057612,0.142204180783737,0.13507979639481,0.13891541338426,0.0893248999612753,0.0720832814897765,0.124842858524321,0.158202106580457,0.217413757488122,0.223638005417879,0.247924633896092,0.208669833729216,0.196064206039721,0.205801610541728
,,,,,,,,,,,,,,,,,,,,,,,,,,,,,,,,,,,,,,,,,,,,,,,,,,,,,,,,,,,,,,,,,,,,,,,,,,,,,,,,,,,,,,,,,,,,,,,,,,,,,
INCOME,,,,,,,,,,,,,,,,,,,,,,,,,,,,,,,,,,,,,,,,,,,,,,,,,,,,,,,,,,,,,,,,,,,,,,,,,,,,,,,,,,,,,,,,,,,,,,,,,,,,,
,operatingIncome,700500000.0,717700000.0,712400000.0,546800000.0,545700000.0,273500000.0,103000000.0,114500000.0,139100000.0,197900000.0,210200000.0,215200000.0,145600000.0,181000000.0,190000000.0
,operatingIncomeRatio,0.122922771860249,0.126331168259668,0.113852841526561,0.104634697079873,0.108558128431607,0.0588399810679403,0.0427190908713865,0.110724301324824,0.14506205026593,0.204399917372444,0.210895956656968,0.200727544072381,0.1729216152019,0.164142559172939,0.173865300146413
,totalOtherIncomeExpensesNet,-248500000.0,-236200000.0,-60400000.0,-157600000.0,-269300000.0,-153300000.0,-346200000.0,-6700000.0,1600000.0,-514000000.0,-17200000.0,800000.0,2400000.0,15200000.0,9300000.0
,incomeBeforeTax,63400000.0,159100000.0,264700000.0,74400000.0,-30100000.0,-167300000.0,-426900000.0,22300000.0,80400000.0,-367600000.0,141500000.0,156900000.0,136000000.0,181000000.0,190000000.0
,incomeBeforeTaxRatio,0.0111253443767877,0.028005139849677,0.0423032666368344,0.0142370546136477,-0.00598790483011061,-0.0359924271761112,-0.17705611546597,0.0215646455855333,0.0838460736260298,-0.379673621152654,0.141968496036922,0.146348288405932,0.161520190023753,0.164142559172939,0.173865300146413
,incomeTaxExpense,3500000.0,-3900000.0,-204000000.0,26100000.0,-26800000.0,-52000000.0,-83700000.0,7100000.0,30500000.0,-6300000.0,49500000.0,55800000.0,50300000.0,64300000.0,68200000.0
,netIncome,800000.0,124700000.0,467300000.0,48300000.0,-3300000.0,-115300000.0,-343200000.0,15200000.0,49900000.0,-361300000.0,92000000.0,101100000.0,85700000.0,116700000.0,121800000.0
,netIncomeRatio,0.000140382894344324,0.0219499744767739,0.0746819663747363,0.00924260400321482,-0.00065648126044402,-0.0248053009767222,-0.14234166977728,0.0146987718789285,0.0520387944519762,-0.373166701094815,0.0923046051971506,0.0943009047663464,0.101781472684086,0.105831141742994,0.111456808199122
,,,,,,,,,,,,,,,,,,,,,,,,,,,,,,,,,,,,,,,,,,,,,,,,,,,,,,,,,,,,,,,,,,,,,,,,,,,,,,,,,,,,,,,,,,,,,,,,,,,,,
EPS,,,,,,,,,,,,,,,,,,,,,,,,,,,,,,,,,,,,,,,,,,,,,,,,,,,,,,,,,,,,,,,,,,,,,,,,,,,,,,,,,,,,,,,,,,,,,,,,,,,,,
,EPS,0.011611030478955,1.72,6.87,0.51,-0.41,-2.33,-9.03,0.464831804281346,1.45481049562682,-10.502907,2.674419,2.93043,2.48406,3.38261,3.53043
,EPSDiluted,0.0114122681883024,1.66,6.16,0.5,-0.41,-2.33,-9.03,0.460606060606061,1.4463768115942,-10.502907,2.674419,2.93043,2.48406,3.38261,3.53043
,weightedAverageShsOut,68900000.0,70800000.0,66600000.0,67800000.0,68800000.0,56700000.0,39700000.0,32700000.0,34300000.0,34400000.0,34400000.0,34500000.0,34500000.0,34500000.0,34500000.0
,weightedAverageShsOutDil,70100000.0,75100000.0,75900000.0,69900000.0,68800000.0,56700000.0,39700000.0,33000000.0,34500000.0,34400000.0,34400000.0,34500000.0,34500000.0,34500000.0,34500000.0
