date,,2020-12-31_FY,2019-12-31_FY,2018-12-31_FY,2017-12-31_FY,2016-12-31_FY,2015-12-31_FY,2014-12-31_FY,2013-12-31_FY,2012-12-31_FY,2011-12-31_FY,2010-12-31_FY,2009-12-31_FY,2008-12-31_FY,2007-12-31_FY,2006-12-31_FY,2005-12-31_FY,2004-12-31_FY,2003-12-31_FY,2002-12-31_FY,2001-12-31_FY,2000-12-31_FY,1999-12-31_FY,1998-12-31_FY,1997-12-31_FY,1996-12-31_FY,1995-12-31_FY,1994-12-31_FY
,revenue,13834000000.0,15146000000.0,15374000000.0,14750000000.0,14751000000.0,15330000000.0,15360000000.0,15108000000.0,15200000000.0,14885000000.0,13423000000.0,12239000000.0,15849000000.0,11206000000.0,11037000000.0,10201000000.0,9513000000.0,8756000000.0,8067000000.0,8169000000.0,8629000000.0,7757000000.0,7510000000.0,7379000000.0,7218100000.0,7057700000.0,6331200000.0
,costOfRevenue,7777000000.0,8653000000.0,9001000000.0,8204000000.0,8063000000.0,8591000000.0,8791000000.0,8636000000.0,9069000000.0,9081000000.0,8214000000.0,7539000000.0,10155000000.0,7087000000.0,7036000000.0,6473000000.0,5999000000.0,5521000000.0,5066000000.0,5137000000.0,5334000000.0,4719000000.0,4476000000.0,4397000000.0,4340300000.0,4212100000.0,3865500000.0
,grossProfit,6057000000.0,6493000000.0,6373000000.0,6546000000.0,6688000000.0,6739000000.0,6569000000.0,6472000000.0,6131000000.0,5804000000.0,5209000000.0,4700000000.0,5694000000.0,4119000000.0,4001000000.0,3728000000.0,3514000000.0,3235000000.0,3001000000.0,3032000000.0,3295000000.0,3038000000.0,3034000000.0,2982000000.0,2877800000.0,2845600000.0,2465700000.0
,grossProfitRatio,0.437834321237531,0.428694044632246,0.414531026408222,0.443796610169492,0.453392990305742,0.439595564253098,0.427669270833333,0.428382314005825,0.403355263157895,0.389922741014444,0.388065261118975,0.384018302148868,0.359265568805603,0.367570944137069,0.362507927878953,0.3654543672189,0.369389256806475,0.369460941068981,0.372009421098302,0.371159260619415,0.381851894773438,0.391646254995488,0.403994673768309,0.404119799430817,0.398692176611574,0.403190841208892,0.389452236542836
,,,,,,,,,,,,,,,,,,,,,,,,,,,,,,,,,,,,,,,,,,,,,,,,,,,,,,,,,,,,,,,,,,,,,,,,,,,,,,,,,,,,,,,,,,,,,,,,,,,,,
COST And EXPENSES,,,,,,,,,,,,,,,,,,,,,,,,,,,,,,,,,,,,,,,,,,,,,,,,,,,,,,,,,,,,,,,,,,,,,,,,,,,,,,,,,,,,,,,,,,,,,,,,,,,,,
,ResearchAndDevelopmentExpenses,379000000.0,432000000.0,441000000.0,453000000.0,466000000.0,486000000.0,492000000.0,488000000.0,455000000.0,430000000.0,394000000.0,388000000.0,451000000.0,339000000.0,318000000.0,309000000.0,303000000.0,290000000.0,273000000.0,266000000.0,282000000.0,284000000.0,271000000.0,250000000.0,239100000.0,236400000.0,218100000.0
,GeneralAndAdministrativeExpenses,0.0,0.0,0.0,0.0,0.0,0.0,0.0,0.0,0.0,0.0,0.0,0.0,0.0,0.0,0.0,0.0,0.0,0.0,0.0,1395000000.0,1364000000.0,1230000000.0,1133000000.0,1068000000.0,1004300000.0,977100000.0,919000000.0
,SellingAndMarketingExpenses,0.0,0.0,0.0,0.0,0.0,0.0,0.0,0.0,0.0,0.0,0.0,3324000000.0,0.0,0.0,0.0,0.0,0.0,0.0,0.0,0.0,0.0,0.0,0.0,0.0,0.0,0.0,0.0
,otherExpenses,-56000000.0,-35000000.0,-67000000.0,-4000000.0,-117000000.0,-13000000.0,-140000000.0,-105000000.0,-149000000.0,0.0,0.0,0.0,0.0,0.0,0.0,0.0,0.0,0.0,0.0,0.0,0.0,0.0,0.0,0.0,0.0,0.0,0.0
,operatingExpenses,4270000000.0,4539000000.0,4501000000.0,4472000000.0,4575000000.0,4621000000.0,4676000000.0,4614000000.0,4204000000.0,4131000000.0,3855000000.0,3817000000.0,4450000000.0,2855000000.0,2678000000.0,2452000000.0,2406000000.0,2262000000.0,2090000000.0,2108000000.0,2093000000.0,1929000000.0,1758000000.0,1666000000.0,1583600000.0,1545000000.0,1454600000.0
,costAndExpenses,12047000000.0,13192000000.0,13502000000.0,12676000000.0,12638000000.0,13212000000.0,13467000000.0,13250000000.0,13273000000.0,13212000000.0,12069000000.0,11356000000.0,14605000000.0,9942000000.0,9714000000.0,8925000000.0,8405000000.0,7783000000.0,7156000000.0,7245000000.0,7427000000.0,6648000000.0,6234000000.0,6063000000.0,5923900000.0,5757100000.0,5320100000.0
,interestExpense,138000000.0,132000000.0,118000000.0,105000000.0,125000000.0,126000000.0,187000000.0,196000000.0,210000000.0,210000000.0,189000000.0,193000000.0,254000000.0,0.0,0.0,0.0,0.0,0.0,0.0,0.0,0.0,0.0,0.0,0.0,0.0,0.0,0.0
,,,,,,,,,,,,,,,,,,,,,,,,,,,,,,,,,,,,,,,,,,,,,,,,,,,,,,,,,,,,,,,,,,,,,,,,,,,,,,,,,,,,,,,,,,,,,,,,,,,,,
EBITDA,,,,,,,,,,,,,,,,,,,,,,,,,,,,,,,,,,,,,,,,,,,,,,,,,,,,,,,,,,,,,,,,,,,,,,,,,,,,,,,,,,,,,,,,,,,,,,,,,,,,,
,depreciationAndAmortization,509000000.0,511000000.0,497000000.0,460000000.0,462000000.0,495000000.0,476000000.0,475000000.0,465000000.0,467000000.0,470000000.0,480000000.0,563000000.0,380000000.0,380000000.0,372000000.0,388000000.0,394000000.0,398000000.0,447000000.0,447000000.0,415000000.0,354000000.0,348000000.0,340200000.0,331500000.0,317500000.0
,EBITDA,2296000000.0,2465000000.0,2369000000.0,2534000000.0,2575000000.0,2613000000.0,2369000000.0,2333000000.0,2392000000.0,2140000000.0,1824000000.0,1363000000.0,1807000000.0,1644000000.0,1703000000.0,1648000000.0,1496000000.0,1367000000.0,1309000000.0,1371000000.0,1649000000.0,1524000000.0,1630000000.0,1664000000.0,1634400000.0,1632100000.0,1328600000.0
,EBITDARatio,0.165967905161197,0.162749240723623,0.154091323012879,0.171796610169492,0.174564436309403,0.170450097847358,0.154231770833333,0.154421498543818,0.157368421052632,0.143768894860598,0.135886165536765,0.111365307623172,0.114013502429175,0.146707121185079,0.154299175500589,0.161552788942261,0.157258488384316,0.15612151667428,0.162266022065204,0.167829599706206,0.191099779812261,0.196467706587598,0.217043941411451,0.225504810949993,0.226430778182624,0.23125097411338,0.209849633560778
,,,,,,,,,,,,,,,,,,,,,,,,,,,,,,,,,,,,,,,,,,,,,,,,,,,,,,,,,,,,,,,,,,,,,,,,,,,,,,,,,,,,,,,,,,,,,,,,,,,,,
INCOME,,,,,,,,,,,,,,,,,,,,,,,,,,,,,,,,,,,,,,,,,,,,,,,,,,,,,,,,,,,,,,,,,,,,,,,,,,,,,,,,,,,,,,,,,,,,,,,,,,,,,
,operatingIncome,1787000000.0,1954000000.0,1872000000.0,2074000000.0,2113000000.0,2118000000.0,1893000000.0,1858000000.0,1927000000.0,1673000000.0,1354000000.0,883000000.0,1244000000.0,1264000000.0,1323000000.0,1276000000.0,1108000000.0,973000000.0,911000000.0,924000000.0,1202000000.0,1109000000.0,1276000000.0,1316000000.0,1294200000.0,1300600000.0,1011100000.0
,operatingIncomeRatio,0.0984530865982362,0.129010959989436,0.121764017171849,0.140610169491525,0.143244525794861,0.138160469667319,0.1232421875,0.122981202012179,0.126776315789474,0.112395028552234,0.100871638232884,0.072146417190947,0.0784907565146066,0.112796716044976,0.119869529763523,0.125085775904323,0.116472195942395,0.111123800822293,0.112929217800917,0.113110539845758,0.139297717000811,0.142967642129689,0.169906790945406,0.178343949044586,0.179299261578532,0.184280998058858,0.159701162496841
,totalOtherIncomeExpensesNet,-310000000.0,-193000000.0,-84000000.0,19000000.0,-1187000000.0,-150000000.0,-23000000.0,-216000000.0,-354000000.0,92000000.0,96000000.0,-101000000.0,-108000000.0,52000000.0,-194000000.0,-248000000.0,33000000.0,-23000000.0,-820000000.0,-104000000.0,-20000000.0,-11000000.0,116000000.0,-44000000.0,30400000.0,35700000.0,-78600000.0
,incomeBeforeTax,1362000000.0,1661000000.0,1693000000.0,2008000000.0,827000000.0,1882000000.0,1416000000.0,1489000000.0,1402000000.0,1597000000.0,1295000000.0,617000000.0,908000000.0,1243000000.0,1060000000.0,947000000.0,1063000000.0,500000000.0,-28000000.0,634000000.0,989000000.0,945000000.0,1267000000.0,1149000000.0,1215000000.0,1247300000.0,839800000.0
,incomeBeforeTaxRatio,0.0984530865982362,0.109665918394296,0.1101209834786,0.136135593220339,0.0560639956613111,0.12276581865623,0.0921875,0.0985570558644427,0.0922368421052632,0.107289217332885,0.0964761975713328,0.0504126154097557,0.0572906808000505,0.110922719971444,0.0960405907402374,0.0928340358788354,0.111741826973615,0.0571037003197807,-0.00347093095326639,0.0776104786387563,0.114613512573879,0.121825447982467,0.168708388814913,0.155712156118715,0.168326845014616,0.176728962693229,0.132644680313369
,incomeTaxExpense,291000000.0,392000000.0,353000000.0,616000000.0,241000000.0,456000000.0,259000000.0,333000000.0,338000000.0,385000000.0,415000000.0,191000000.0,284000000.0,355000000.0,278000000.0,282000000.0,322000000.0,293000000.0,-7000000.0,247000000.0,369000000.0,377000000.0,466000000.0,435000000.0,471000000.0,479700000.0,325200000.0
,netIncome,1059000000.0,1243000000.0,1341000000.0,1591000000.0,877000000.0,1406000000.0,2102000000.0,3231000000.0,941000000.0,1095000000.0,769000000.0,336000000.0,538000000.0,834000000.0,711000000.0,596000000.0,683000000.0,494000000.0,-69000000.0,387000000.0,620000000.0,568000000.0,801000000.0,714000000.0,744000000.0,767600000.0,514600000.0
,netIncomeRatio,0.0765505276854127,0.0820678727056649,0.0872251853779108,0.107864406779661,0.059453596366348,0.0917155903457273,0.136848958333333,0.213860206513106,0.0619078947368421,0.0735639905945583,0.0572897265886911,0.0274532233025574,0.0339453593286643,0.0744244154917009,0.0644196792606687,0.0584256445446525,0.0717964890150321,0.0564184559159434,-0.00855336556340647,0.0473742196107235,0.0718507358906015,0.0732241846074513,0.106657789613848,0.0967610787369562,0.103074216206481,0.108760644402567,0.0812800101086682
,,,,,,,,,,,,,,,,,,,,,,,,,,,,,,,,,,,,,,,,,,,,,,,,,,,,,,,,,,,,,,,,,,,,,,,,,,,,,,,,,,,,,,,,,,,,,,,,,,,,,
EPS,,,,,,,,,,,,,,,,,,,,,,,,,,,,,,,,,,,,,,,,,,,,,,,,,,,,,,,,,,,,,,,,,,,,,,,,,,,,,,,,,,,,,,,,,,,,,,,,,,,,,
,EPS,4.47,5.25,5.5,6.36,3.3,5.18,7.6,11.265,3.065,3.48,2.335,1.02,1.635,2.535,2.145,1.755,1.99,1.455,-0.205,1.15,1.8,1.635,2.2599999984764,1.985,1.98083067092652,1.9,1.21425200566305
,EPSDiluted,4.45,5.22,5.47,6.31,3.28,5.14,7.515,11.135,3.03,3.435,2.315,1.015,1.625,2.515,2.135,1.745,1.975,1.445,-0.205,1.145,1.785,1.615,2.23743016759777,1.97,1.94560669456067,1.85949612403101,1.20009328358209
,weightedAverageShsOut,236800000.0,236900000.0,243900000.0,256100000.0,265600000.0,271400000.0,276600000.0,286800000.0,306800000.0,314600000.0,329000000.0,329600000.0,329200000.0,328994083.0,331468531.0,339601140.0,343216080.0,339518900.0,336585366.0,336521739.0,344444444.0,347400612.0,354424779.0,359697733.0,375600000.0,404000000.0,423800000.0
,weightedAverageShsOutDil,237900000.0,238200000.0,245400000.0,257800000.0,267400000.0,273600000.0,279600000.0,290200000.0,310200000.0,318600000.0,331800000.0,331000000.0,331076923.0,331610338.0,333021077.0,341547278.0,345822785.0,341868512.0,336585366.0,337991266.0,347338936.0,351702786.0,358000000.0,362436548.0,382400000.0,412800000.0,428800000.0
