Date,2019-01-31,2018-01-31,2017-01-31,2016-01-31,2015-01-31,2014-01-31,2013-01-31,2012-01-31,2011-01-31,2010-01-31
Revenue,128965000.0,105248000.0,98845000.0,122696000.0,126923000.0,226835000.0,168807000.0,233496000.0,218598000.0,230381000.0
Revenue Growth,0.2253,0.0648,-0.1944,-0.0333,-0.4405,0.3438,-0.277,0.0682,-0.0511,-0.2398
Cost of Revenue,105626000.0,93506000.0,87129000.0,95955000.0,96149000.0,174620000.0,141313000.0,197175000.0,174140000.0,178435000.0
Gross Profit,23339000.0,11742000.0,11716000.0,26741000.0,30774000.0,52215000.0,27494000.0,36321000.0,44458000.0,51946000.0
R&D Expenses,0.0,0.0,0.0,0.0,0.0,0.0,0.0,0.0,0.0,0.0
SG&A Expense,20596000.0,21254000.0,23300000.0,23863000.0,24927000.0,39132000.0,36314000.0,41384000.0,41560000.0,44749000.0
Operating Expenses,20596000.0,21254000.0,23300000.0,23863000.0,24927000.0,39132000.0,36314000.0,41384000.0,41560000.0,44749000.0
Operating Income,2743000.0,-9512000.0,-11584000.0,2878000.0,5847000.0,13083000.0,-8820000.0,-5063000.0,2898000.0,7197000.0
Interest Expense,1122000.0,697000.0,569000.0,470000.0,519000.0,1311000.0,1498000.0,1437000.0,1261000.0,1912000.0
Earnings before Tax,1621000.0,-10209000.0,-13085000.0,-3034000.0,2870000.0,20534000.0,-6660000.0,-4942000.0,2620000.0,5306000.0
Income Tax Expense,2150000.0,-233000.0,-611000.0,1375000.0,3051000.0,-493000.0,11825000.0,17000.0,-1755000.0,635000.0
Net Income - Non-Controlling int,0.0,0.0,0.0,0.0,0.0,0.0,0.0,0.0,0.0,0.0
Net Income - Discontinued ops,0.0,0.0,-688000.0,6044000.0,4418000.0,-8234000.0,-2272000.0,0.0,0.0,0.0
Net Income,-529000.0,-9976000.0,-12474000.0,-4409000.0,-181000.0,21027000.0,-18485000.0,-4959000.0,4375000.0,4671000.0
Preferred Dividends,0.0,0.0,0.0,0.0,0.0,0.0,0.0,0.0,0.0,0.0
Net Income Com,-529000.0,-9976000.0,-12474000.0,-4409000.0,-181000.0,21027000.0,-18485000.0,-4959000.0,4375000.0,4671000.0
EPS,-0.07,-1.3,-1.67,-0.61,-0.02,2.99,-2.67,-0.72,0.64,0.68
EPS Diluted,-0.07,-1.3,-1.67,-0.61,-0.02,2.96,-2.67,-0.72,0.64,0.68
Weighted Average Shs Out,7885374.0,7712217.0,7568946.0,7288425.0,7290576.0,7085237.0,6923996.0,6912771.0,6845896.0,6831933.0
Weighted Average Shs Out (Dil),7812000.0,7680000.0,7488000.0,7280000.0,7251000.0,7028000.0,6922000.0,6878000.0,6842000.0,6824000.0
Dividend per Share,0.0,0.0,0.0,0.0,0.0,0.0,0.0,0.0,0.0,0.0
Gross Margin,0.181,0.1116,0.1185,0.2179,0.2425,0.2302,0.1629,0.1556,0.2034,0.2255
EBITDA Margin,0.057,-0.043,-0.071,0.027,0.073,0.122,0.004,0.009,0.046,0.059
EBIT Margin,0.0213,-0.0904,-0.1266,-0.0209,0.0267,0.0963,-0.0306,-0.015,0.0178,0.0313
Profit Margin,-0.004,-0.095,-0.126,-0.036,-0.001,0.093,-0.11,-0.021,0.02,0.02
Free Cash Flow margin,0.028,-0.0415,-0.034,-0.0595,-0.0186,0.0161,0.0005,-0.0439,0.0219,0.1274
EBITDA,7318000.0,-4481000.0,-6995000.0,3365000.0,9286000.0,27630000.0,644000.0,2077000.0,9951000.0,13556000.0
EBIT,2743000.0,-9512000.0,-12516000.0,-2564000.0,3389000.0,21845000.0,-5162000.0,-3505000.0,3881000.0,7218000.0
Consolidated Income,-529000.0,-9976000.0,-12474000.0,-4409000.0,-181000.0,21027000.0,-18485000.0,-4959000.0,4375000.0,4671000.0
Earnings Before Tax Margin,0.0126,-0.097,-0.1324,-0.0247,0.0226,0.0905,-0.0395,-0.0212,0.012,0.023
Net Profit Margin,-0.0041,-0.0948,-0.1262,-0.0359,-0.0014,0.0927,-0.1095,-0.0212,0.02,0.0203
