Date,2018-12-31,2017-12-31,2016-12-31,2015-12-31,2014-12-31,2013-12-31,2012-12-31,2011-12-31,2010-12-31,2009-12-31
Revenue,533261000.0,437838000.0,432852000.0,417050000.0,410937000.0,402813000.0,380633000.0,359243000.0,331994000.0,291910000.0
Revenue Growth,0.217941339034072,0.011518948739985,0.0378899412540463,0.0148757595446504,0.0201681673630196,0.0582713532457774,0.0595418699877242,0.0820767845202022,0.137316296118667,-0.2823
Cost of Revenue,153194000.0,130970000.0,125759000.0,125374000.0,168451000.0,184458000.0,194307000.0,201577000.0,42469000.0,40713000.0
Gross Profit,380067000.0,306868000.0,307093000.0,291676000.0,242486000.0,218355000.0,186326000.0,157666000.0,289525000.0,251197000.0
R&D Expenses,0.0,0.0,0.0,0.0,0.0,0.0,0.0,0.0,0.0,0.0
SG&A Expense,119819000.0,102227000.0,112235000.0,105943000.0,108371000.0,107037000.0,139062000.0,118321000.0,245041000.0,209631000.0
Operating Expenses,338465000.0,294188000.0,287165000.0,255446000.0,219476000.0,206849000.0,183423000.0,163009000.0,289728000.0,265850000.0
Operating Income,41602000.0,12680000.0,19928000.0,36230000.0,23010000.0,11506000.0,2903000.0,-5343000.0,-203000.0,-14653000.0
Interest Expense,6245000.0,3902000.0,3641000.0,2818000.0,2897000.0,3375000.0,2596000.0,1798000.0,2252000.0,2373000.0
Earnings before Tax,31341000.0,14631000.0,17772000.0,34928000.0,22212000.0,9671000.0,3595000.0,-5590000.0,-1603000.0,-17771000.0
Income Tax Expense,7347000.0,-24268000.0,6671000.0,13492000.0,8721000.0,3770000.0,1416000.0,-2733000.0,-948000.0,-6924000.0
Net Income - Non-Controlling int,0.0,0.0,0.0,0.0,0.0,0.0,0.0,0.0,0.0,0.0
Net Income - Discontinued ops,0.0,0.0,0.0,0.0,0.0,0.0,0.0,0.0,0.0,0.0
Net Income,23994000.0,38899000.0,11101000.0,21436000.0,13491000.0,5915000.0,2179000.0,-2857000.0,-655000.0,-10847000.0
Preferred Dividends,0.0,0.0,0.0,0.0,0.0,0.0,0.0,0.0,0.0,0.0
Net Income Com,23994000.0,38899000.0,11101000.0,21436000.0,13491000.0,5915000.0,2179000.0,-2857000.0,-655000.0,-10847000.0
EPS,3.94,6.14,1.68,2.94,1.69,0.68,0.25,-0.32,-0.07,-1.15
EPS Diluted,3.9,6.08,1.67,2.93,1.68,0.68,0.25,-0.32,-0.07,-1.15
Weighted Average Shs Out,6083000.0,6331000.0,6627000.0,7288000.0,7990000.0,8662000.0,8700000.0,9056.0,9414607.0,9413607.0
Weighted Average Shs Out (Dil),6159000.0,6398000.0,6649000.0,7325000.0,8034000.0,8682000.0,8702000.0,9056.0,9415000.0,9411000.0
Dividend per Share,0.0,0.0,0.0,0.0,0.0,0.0,0.0,0.0,0.0,0.0
Gross Margin,0.71272228796,0.700871098443,0.709464204855,0.699378971346,0.590080717969,0.542075355066,0.489516148101,0.438883986605,0.8721,0.8605
EBITDA Margin,0.170627516357,0.125512175736,0.136402280687,0.164431123367,0.144318958867,0.125601706003,0.108243373538,0.0802242493243,0.083,0.077
EBIT Margin,0.0780143306936,0.0289604831011,0.0460388308244,0.0868720776885,0.0559939844794,0.0285641228064,0.00762676909254,-0.0148729411568,0.002,-0.0527
Profit Margin,0.0449948524269,0.0888433621568,0.0256461792945,0.0513991128162,0.032829849831,0.0146842331305,0.00572467442392,-0.00795283415404,-0.002,-0.037
Free Cash Flow margin,0.015874027915,-0.0392793681681,-0.0894670695757,-0.153926387723,0.0648882918793,-0.0703800522823,-0.169247017468,-0.0959155780349,0.0077,0.1005
EBITDA,90989000.0,54954000.0,59042000.0,68576000.0,59306000.0,50594000.0,41201000.0,28820000.0,27684000.0,22344000.0
EBIT,41602000.0,12680000.0,19928000.0,36230000.0,23010000.0,11506000.0,2903000.0,-5343000.0,649000.0,-15398000.0
Consolidated Income,23994000.0,38899000.0,11101000.0,21436000.0,13491000.0,5915000.0,2179000.0,-2857000.0,-655000.0,-10847000.0
Earnings Before Tax Margin,0.0587723459994,0.033416469105,0.0410579135594,0.0837501498621,0.0540520809759,0.0240086591048,0.00944479327856,-0.0155604980473,-0.0048,-0.0609
Net Profit Margin,0.0449948524269,0.0888433621568,0.0256461792945,0.0513991128162,0.032829849831,0.0146842331305,0.00572467442392,-0.00795283415404,-0.002,-0.0372
