Date,2018-12-31,2017-12-31,2016-12-31,2015-12-31,2014-12-31,2013-12-31,2012-12-31,2011-12-31,2010-12-31,2009-12-31
Revenue,55536000.0,54094000.0,52163000.0,51370000.0,52302000.0,47802000.0,38471000.0,34239000.0,31803000.0,25163000.0
Revenue Growth,0.0267,0.037,0.0154,-0.0178,0.0941,0.2425,0.1236,0.0766,0.2639,-0.0453
Cost of Revenue,0.0,0.0,0.0,0.0,0.0,0.0,0.0,0.0,0.0,0.0
Gross Profit,55536000.0,54094000.0,52163000.0,51370000.0,52302000.0,47802000.0,38471000.0,34239000.0,31803000.0,25163000.0
R&D Expenses,0.0,0.0,0.0,0.0,0.0,0.0,0.0,0.0,0.0,0.0
SG&A Expense,32891000.0,31604000.0,29733000.0,27969000.0,31231000.0,27935000.0,20220000.0,18089000.0,17385000.0,17493000.0
Operating Expenses,38007000.0,36862000.0,35091000.0,33736000.0,33890000.0,30267000.0,22023000.0,19964000.0,19492000.0,19812000.0
Operating Income,17529000.0,17232000.0,17072000.0,17634000.0,18412000.0,17535000.0,16448000.0,14275000.0,12311000.0,5351000.0
Interest Expense,0.0,0.0,0.0,0.0,0.0,0.0,0.0,0.0,0.0,0.0
Earnings before Tax,17523000.0,17232000.0,17072000.0,17634000.0,18412000.0,17535000.0,16448000.0,14275000.0,12311000.0,5351000.0
Income Tax Expense,2819000.0,7459000.0,4597000.0,3736000.0,3804000.0,3451000.0,2598000.0,1913000.0,1382000.0,-742000.0
Net Income - Non-Controlling int,6000.0,0.0,0.0,0.0,0.0,0.0,0.0,0.0,0.0,0.0
Net Income - Discontinued ops,0.0,0.0,0.0,0.0,0.0,0.0,0.0,0.0,0.0,0.0
Net Income,14704000.0,9773000.0,12475000.0,13898000.0,14608000.0,14084000.0,13850000.0,12362000.0,10929000.0,6093000.0
Preferred Dividends,0.0,0.0,0.0,0.0,0.0,0.0,0.0,0.0,0.0,0.0
Net Income Com,14704000.0,9773000.0,12475000.0,13898000.0,14608000.0,14084000.0,13850000.0,12362000.0,10929000.0,6093000.0
EPS,2.093,1.387,1.76,1.94,2.02,2.127,2.407,2.147,1.9,1.06
EPS Diluted,2.093,1.387,1.76,1.94,2.02,2.127,2.407,2.147,1.9,1.06
Weighted Average Shs Out,7036653.0,7033109.0,7101465.0,7120092.0,7211855.0,7228581.0,5757434.0,5754594.0,5752154.0,5750646.0
Weighted Average Shs Out (Dil),7035381.0,7058403.0,7103186.0,7158359.0,7224224.0,6615939.0,5756627.0,5754054.0,5751383.0,5749184.0
Dividend per Share,1.253,1.253,1.253,1.253,1.253,1.42,1.253,1.227,1.227,1.227
Gross Margin,1.0,1.0,1.0,1.0,1.0,1.0,1.0,1.0,1.0,1.0
EBITDA Margin,0.366,0.373,0.395,0.415,0.417,0.402,0.456,0.437,0.41,0.241
EBIT Margin,0.3155,0.3186,0.3273,0.3433,0.352,0.3668,0.4275,0.4169,0.3871,0.2127
Profit Margin,0.265,0.181,0.239,0.271,0.279,0.295,0.36,0.361,0.344,0.242
Free Cash Flow margin,0.2749,0.2347,0.231,0.2618,0.3048,0.2596,0.3266,0.46,0.2975,0.2175
EBITDA,20338000.0,20201000.0,20584000.0,21311000.0,21835000.0,19196000.0,17525000.0,14976000.0,13042000.0,6075000.0
EBIT,17523000.0,17232000.0,17072000.0,17634000.0,18412000.0,17535000.0,16448000.0,14275000.0,12311000.0,5351000.0
Consolidated Income,14710000.0,9773000.0,12475000.0,13898000.0,14608000.0,14084000.0,13850000.0,12362000.0,10929000.0,6093000.0
Earnings Before Tax Margin,0.3155,0.3186,0.3273,0.3433,0.352,0.3668,0.4275,0.4169,0.3871,0.2127
Net Profit Margin,0.2648,0.1807,0.2392,0.2705,0.2793,0.2946,0.36,0.3611,0.3436,0.2421
