Date,2018-12-31,2017-12-31,2016-12-31,2015-12-31,2014-12-31,2013-12-31,2012-12-31,2011-12-31,2010-12-31,2009-12-31
Revenue,153579000.0,141295000.0,108336000.0,116607000.0,112511000.0,95769000.0,76280000.0,83045000.0,77525000.0,63039000.0
Revenue Growth,0.0869,0.3042,-0.0709,0.0364,0.1748,0.2555,-0.0815,0.0712,0.2298,-0.3783
Cost of Revenue,0.0,0.0,0.0,0.0,0.0,0.0,0.0,0.0,0.0,0.0
Gross Profit,153579000.0,141295000.0,108336000.0,116607000.0,112511000.0,95769000.0,76280000.0,83045000.0,77525000.0,63039000.0
R&D Expenses,0.0,0.0,0.0,0.0,0.0,0.0,0.0,0.0,0.0,0.0
SG&A Expense,74824000.0,72241000.0,61118000.0,61190000.0,51558000.0,44921000.0,39101000.0,45191000.0,37555000.0,33252000.0
Operating Expenses,74824000.0,72241000.0,61118000.0,61190000.0,51558000.0,44921000.0,39101000.0,45191000.0,37555000.0,33252000.0
Operating Income,78755000.0,69054000.0,47218000.0,55417000.0,60953000.0,50848000.0,37179000.0,37854000.0,39970000.0,29787000.0
Interest Expense,77000.0,29000.0,24000.0,21000.0,8000.0,0.0,30000.0,0.0,232000.0,1485000.0
Earnings before Tax,21572000.0,41420000.0,-38296000.0,12793000.0,9983000.0,7259000.0,5751000.0,6527000.0,4552000.0,2062000.0
Income Tax Expense,7778000.0,34512000.0,-54475000.0,5114000.0,1883000.0,589000.0,1911000.0,3145000.0,741000.0,-1307000.0
Net Income - Non-Controlling int,54525000.0,53242000.0,37472000.0,39324000.0,46934000.0,41768000.0,30565000.0,29861000.0,32674000.0,29326000.0
Net Income - Discontinued ops,0.0,0.0,0.0,0.0,0.0,0.0,0.0,0.0,0.0,0.0
Net Income,13794000.0,6908000.0,16179000.0,7679000.0,8100000.0,6670000.0,3840000.0,3382000.0,3811000.0,3369000.0
Preferred Dividends,0.0,0.0,0.0,0.0,0.0,0.0,0.0,0.0,0.0,0.0
Net Income Com,13794000.0,6908000.0,16179000.0,7679000.0,8100000.0,6670000.0,3840000.0,3382000.0,3811000.0,3369000.0
EPS,0.78,0.4,1.01,0.55,0.64,0.56,0.36,0.34,0.41,0.41
EPS Diluted,0.77,0.4,0.58,0.5,0.53,0.45,0.32,0.32,0.34,0.28
Weighted Average Shs Out,69302868.0,68539548.0,67190248.0,65978864.0,65082431.0,64495789.0,64815651.0,64570674.0,64328077.0,64241003.0
Weighted Average Shs Out (Dil),17678874.0,17338348.0,15962902.0,14014219.0,12628676.0,11990757.0,10787540.0,9972978.0,9186520.0,8217561.0
Dividend per Share,0.12,0.37,1.05,0.41,0.35,0.25,0.28,0.09,0.24,0.0
Gross Margin,1.0,1.0,1.0,1.0,1.0,1.0,1.0,1.0,1.0,1.0
EBITDA Margin,0.147,0.301,-0.344,0.117,0.091,0.078,0.078,0.083,0.067,0.064
EBIT Margin,0.141,0.2934,-0.3533,0.1099,0.0888,0.0758,0.0758,0.0786,0.0617,0.0563
Profit Margin,0.09,0.049,0.149,0.066,0.072,0.07,0.05,0.041,0.049,0.053
Free Cash Flow margin,0.5693,0.4857,0.5395,0.4381,0.4733,0.4618,0.418,0.5537,0.542,0.4747
EBITDA,22644000.0,42473000.0,-37214000.0,13603000.0,10215000.0,7437000.0,5960000.0,6933000.0,5216000.0,4019000.0
EBIT,21649000.0,41449000.0,-38272000.0,12814000.0,9991000.0,7259000.0,5781000.0,6527000.0,4784000.0,3547000.0
Consolidated Income,68319000.0,60150000.0,53651000.0,47003000.0,55034000.0,48438000.0,34405000.0,33243000.0,36485000.0,32695000.0
Earnings Before Tax Margin,0.1405,0.2931,-0.3535,0.1097,0.0887,0.0758,0.0754,0.0786,0.0587,0.0327
Net Profit Margin,0.0898,0.0489,0.1493,0.0659,0.072,0.0696,0.0503,0.0407,0.0492,0.0534
