Date,2019-01-31,2018-01-31,2017-01-31,2016-01-31,2015-01-31,2014-01-31,2013-01-31,2012-01-31,2011-01-31,2010-01-31
Revenue,406668000.0,377317000.0,277395000.0,258229000.0,378153000.0,394677000.0,406175000.0,381511000.0,314708000.0,237782000.0
Revenue Growth,0.0777887028678803,0.360215577065196,0.0742209434261837,-0.31713089675343,-0.0418671470594942,-0.0283079953222133,0.0646482014935349,0.212269786595829,0.323514816092051,-0.1505
Cost of Revenue,274119000.0,255752000.0,199205000.0,191255000.0,274907000.0,275323000.0,278502000.0,265319000.0,223279000.0,169930000.0
Gross Profit,132549000.0,121565000.0,78190000.0,66974000.0,103246000.0,119354000.0,127673000.0,116192000.0,91429000.0,67852000.0
R&D Expenses,26174000.0,16936000.0,16312000.0,14686000.0,17440000.0,16576000.0,13367000.0,9724000.0,7604000.0,5843000.0
SG&A Expense,51242000.0,45200000.0,33378000.0,32574000.0,42005000.0,38784000.0,36614000.0,30827000.0,24073000.0,18789000.0
Operating Expenses,77416000.0,62136000.0,49690000.0,47260000.0,59445000.0,55360000.0,49981000.0,40551000.0,31226000.0,24632000.0
Operating Income,55133000.0,59170000.0,28413000.0,4391000.0,43801000.0,63994000.0,77692000.0,75641000.0,60203000.0,43220000.0
Interest Expense,0.0,0.0,0.0,0.0,0.0,0.0,0.0,0.0,0.0,0.0
Earnings before Tax,61570000.0,58986000.0,27853000.0,4081000.0,43501000.0,63623000.0,77646000.0,75698000.0,60282000.0,43322000.0
Income Tax Expense,9697000.0,17967000.0,7661000.0,-767000.0,11705000.0,20721000.0,25091000.0,25063000.0,19745000.0,14748000.0
Net Income - Non-Controlling int,0.0,0.0,0.0,0.0,0.0,0.0,0.0,0.0,0.0,0.0
Net Income - Discontinued ops,0.0,0.0,0.0,0.0,0.0,0.0,0.0,0.0,0.0,0.0
Net Income,51794000.0,41022000.0,20191000.0,4776000.0,31733000.0,42903000.0,52545000.0,50569000.0,40537000.0,28574000.0
Preferred Dividends,0.0,0.0,0.0,0.0,0.0,0.0,0.0,0.0,0.0,0.0
Net Income Com,51794000.0,41022000.0,20191000.0,4776000.0,31733000.0,42903000.0,52545000.0,50569000.0,40537000.0,28574000.0
EPS,1.44,1.14,0.56,0.13,0.86,1.18,1.45,2.79,1.12,0.79
EPS Diluted,1.42,1.13,0.56,0.13,0.86,1.17,1.44,2.77,1.12,0.79
Weighted Average Shs Out,36006963.0,36050205.0,36242435.0,37324462.0,36928510.0,36447080.0,36345258.0,18117000.0,36112282.0,36052110.0
Weighted Average Shs Out (Dil),36438558.0,36449825.0,36371915.0,37399943.0,37103294.0,36645375.0,36533424.0,18227000.0,36112282.0,36052110.0
Dividend per Share,0.514647149319,0.512622488585,0.517954581165,0.519412556324,0.499120105077,0.47659493183,0.417261738183,0.714599220936,0.945,0.275
Gross Margin,0.325939095282,0.322182673985,0.281872420195,0.259358941095,0.273027055187,0.302409311918,0.314330030159,0.304557404636,0.2905,0.2854
EBITDA Margin,0.172760089311,0.196047355407,0.158074226284,0.0833639908763,0.161759922571,0.198108833299,0.223524342956,0.222559768919,0.216,0.212
EBIT Margin,0.13557250632,0.156817742111,0.102427945709,0.0170042868926,0.115828778299,0.162142714169,0.19127715886,0.198266891387,0.1915,0.1822
Profit Margin,0.127361877502,0.108720253792,0.0727879017286,0.0184952116145,0.083915769543,0.108704079538,0.129365421309,0.132549258082,0.129,0.12
Free Cash Flow margin,0.12743810676,0.0873271016148,0.158041781575,0.119901327891,0.113821654198,0.0560838356428,0.115174493753,0.0388350532488,0.0893,0.1865
EBITDA,70256000.0,73972000.0,43849000.0,21527000.0,61170000.0,78189000.0,90790000.0,84909000.0,67913000.0,50430000.0
EBIT,55133000.0,59170000.0,28413000.0,4391000.0,43801000.0,63994000.0,77692000.0,75641000.0,60282000.0,43322000.0
Consolidated Income,51794000.0,41022000.0,20191000.0,4776000.0,31733000.0,42903000.0,52545000.0,50569000.0,40537000.0,28574000.0
Earnings Before Tax Margin,0.151401142947,0.156330088493,0.100409163828,0.0158038020517,0.115035448615,0.161202704997,0.191163907183,0.198416297302,0.1915,0.1822
Net Profit Margin,0.127361877502,0.108720253792,0.0727879017286,0.0184952116145,0.083915769543,0.108704079538,0.129365421309,0.132549258082,0.1288,0.1202
