Date,2018-12-31,2017-12-31,2016-12-31,2015-12-31,2014-12-31,2013-12-31,2012-12-31,2011-12-31,2010-12-31,2009-12-31
Revenue,309385000.0,279879000.0,270866000.0,257865000.0,255242000.0,258221000.0,254430000.0,244979000.0,229322000.0,217014000.0
Revenue Growth,0.1054,0.0333,0.0504,0.0103,-0.0115,0.0149,0.0386,0.0683,0.0567,0.1026
Cost of Revenue,235695000.0,216884000.0,207567000.0,200955000.0,198205000.0,204036000.0,201674000.0,192405000.0,180844000.0,168058000.0
Gross Profit,73690000.0,62995000.0,63299000.0,56910000.0,57037000.0,54185000.0,52756000.0,52574000.0,48478000.0,48956000.0
R&D Expenses,0.0,0.0,0.0,0.0,0.0,0.0,0.0,0.0,0.0,0.0
SG&A Expense,27337000.0,25347000.0,26906000.0,18652000.0,18902000.0,18053000.0,16117000.0,17432000.0,17607000.0,17559000.0
Operating Expenses,49653000.0,23712000.0,43623000.0,22191000.0,34345000.0,33306000.0,33485000.0,34463000.0,35057000.0,34487000.0
Operating Income,24037000.0,39283000.0,19676000.0,34719000.0,22692000.0,20879000.0,19271000.0,18111000.0,13421000.0,14469000.0
Interest Expense,6837000.0,6194000.0,6782000.0,7304000.0,9662000.0,10444000.0,17226000.0,22520000.0,13637000.0,15726000.0
Earnings before Tax,17786000.0,34481000.0,13816000.0,28258000.0,16410000.0,13983000.0,3990000.0,-2374000.0,1614000.0,8046000.0
Income Tax Expense,3420000.0,3380000.0,4138000.0,5148000.0,-8925000.0,4942000.0,4904000.0,-12330000.0,14264000.0,1952000.0
Net Income - Non-Controlling int,132000.0,11000.0,14000.0,-79000.0,-57000.0,104000.0,-492000.0,940000.0,616000.0,388000.0
Net Income - Discontinued ops,0.0,0.0,0.0,0.0,0.0,0.0,405000.0,-1888000.0,-97000.0,0.0
Net Income,14366000.0,31101000.0,9678000.0,23110000.0,25335000.0,9041000.0,-914000.0,9956000.0,-12650000.0,6094000.0
Preferred Dividends,0.0,0.0,0.0,0.0,0.0,0.0,0.0,0.0,0.0,0.0
Net Income Com,14366000.0,31101000.0,9678000.0,23110000.0,25335000.0,9041000.0,-914000.0,9956000.0,-12650000.0,6094000.0
EPS,0.62,1.35,0.42,0.99,1.08,0.39,-0.04,0.44,-0.56,0.27
EPS Diluted,0.62,1.35,0.42,0.99,1.07,0.38,-0.04,0.43,-0.56,0.27
Weighted Average Shs Out,23017141.0,22865453.0,23334892.0,23322955.0,23380728.0,23385519.0,23083265.0,22906838.0,22804313.0,22625072.0
Weighted Average Shs Out (Dil),22991277.0,23041190.0,23320048.0,23293696.0,23431855.0,23348003.0,23028596.0,22764666.0,22781392.0,22580942.0
Dividend per Share,0.0,0.0,0.0,0.0,0.0,0.0,0.0,0.0,0.0,0.0
Gross Margin,0.2382,0.2251,0.2337,0.2207,0.2235,0.2098,0.2073,0.2146,0.2114,0.2256
EBITDA Margin,0.155,0.211,0.141,0.198,0.171,0.164,0.148,0.151,0.136,0.179
EBIT Margin,0.0796,0.1453,0.076,0.1379,0.1021,0.0946,0.0834,0.0822,0.0665,0.1095
Profit Margin,0.046,0.111,0.036,0.09,0.099,0.035,-0.004,0.041,-0.055,0.028
Free Cash Flow margin,-0.0998,-0.0038,-0.067,-0.0103,0.0739,0.0198,0.1233,0.1043,0.0381,0.0566
EBITDA,48059000.0,59023000.0,38084000.0,51043000.0,43617000.0,42225000.0,37600000.0,37106000.0,31165000.0,38940000.0
EBIT,24623000.0,40675000.0,20598000.0,35562000.0,26072000.0,24427000.0,21216000.0,20146000.0,15251000.0,23772000.0
Consolidated Income,14498000.0,31112000.0,9692000.0,23031000.0,25278000.0,9145000.0,-1406000.0,10896000.0,-12034000.0,6482000.0
Earnings Before Tax Margin,0.0575,0.1232,0.051,0.1096,0.0643,0.0542,0.0157,-0.0097,0.007,0.0371
Net Profit Margin,0.0464,0.1111,0.0357,0.0896,0.0993,0.035,-0.0036,0.0406,-0.0552,0.0281
