date,,2021-03-31_FY,2020-03-31_FY,2019-03-31_FY,2018-03-31_FY,2017-03-31_FY,2016-03-31_FY,2015-03-31_FY,2014-03-31_FY,2013-03-31_FY,2012-03-31_FY,2011-03-31_FY,2010-03-31_FY,2009-03-31_FY,2008-03-31_FY,2007-03-31_FY,2006-03-31_FY,2005-03-31_FY,2004-03-31_FY,2003-03-31_FY
,revenue,189722000000.0,174600000000.0,2225000000.0,2181000000.0,2171000000.0,2335000000.0,2378000000.0,2203000000.0,0.0,0.0,1677000000.0,1563000000.0,1365000000.0,65095000.0,24267000.0,19519000.0,9346000.0,0.0,7838932000000.0
,costOfRevenue,86645000000.0,80591000000.0,1018000000.0,1009000000.0,963000000.0,942000000.0,1008000000.0,939000000.0,0.0,0.0,773000000.0,755000000.0,648000000.0,34219000.0,12417000.0,9385000.0,9346000.0,0.0,7838932000000.0
,grossProfit,103077000000.0,94009000000.0,1206000000.0,1172000000.0,1208000000.0,1393000000.0,1371000000.0,1263000000.0,0.0,0.0,904000000.0,808000000.0,718000000.0,30875000.0,11849000.0,10133000.0,10735000.0,0.0,10230880000000.0
,grossProfitRatio,0.543305468000548,0.538424971363116,0.542022471910112,0.537368179734067,0.556425610317826,0.596573875802998,0.576534903280067,0.573309123921925,0.0,0.0,0.539057841383423,0.516954574536148,0.526007326007326,0.474306782394961,0.488276259941484,0.519135201598443,1.14861973036593,0.0,1.30513697529204
,,,,,,,,,,,,,,,,,,,,,,,,,,,,,,,,,,,,,,,,,,,,,,,,,,,,,,,,,,,,,,,,,,,,,,,,,,,,,,,,,,,,,,,,,,,,,,,,,,,,,
COST And EXPENSES,,,,,,,,,,,,,,,,,,,,,,,,,,,,,,,,,,,,,,,,,,,,,,,,,,,,,,,,,,,,,,,,,,,,,,,,,,,,,,,,,,,,,,,,,,,,,,,,,,,,,
,ResearchAndDevelopmentExpenses,16541000000.0,15410000000.0,226000000.0,281000000.0,301000000.0,269000000.0,280000000.0,207000000.0,0.0,0.0,114000000.0,84000000.0,79000000.0,2462000.0,2153000.0,2803000.0,1991000.0,0.0,1374893000000.0
,GeneralAndAdministrativeExpenses,0.0,50129000000.0,707000000.0,720000000.0,715000000.0,690000000.0,683000000.0,646000000.0,0.0,0.0,532000000.0,501000000.0,413000000.0,14051000.0,8028000.0,6774000.0,6562000.0,0.0,5020316000000.0
,SellingAndMarketingExpenses,0.0,0.0,0.0,0.0,0.0,0.0,0.0,0.0,0.0,0.0,0.0,0.0,0.0,0.0,0.0,0.0,0.0,0.0,0.0
,otherExpenses,0.0,0.0,0.0,-12000000.0,-16000000.0,-13000000.0,-15000000.0,-24000000.0,0.0,0.0,-25000000.0,179000000.0,281000000.0,3031000.0,226000.0,845000.0,102000.0,0.0,489547000000.0
,operatingExpenses,70118000000.0,61239000000.0,63806000000.0,64332000000.0,64778000000.0,62550000000.0,58973000000.0,49822000000.0,38922000000.0,33994000000.0,27634000000.0,25729000000.0,25311000000.0,22050320000.0,19697670115.88,10434587300.63,10452575875.68,8673709739.55,6864977037.87
,costAndExpenses,156763000000.0,141830000000.0,1922000000.0,1998000000.0,1963000000.0,1888000000.0,1957000000.0,1768000000.0,0.0,0.0,1393000000.0,1519000000.0,1421000000.0,53763000.0,22824000.0,19807000.0,18001000.0,0.0,14723688000000.0
,interestExpense,970000000.0,983000000.0,0.0,0.0,0.0,0.0,0.0,0.0,0.0,0.0,0.0,0.0,0.0,0.0,0.0,0.0,0.0,0.0,0.0
,,,,,,,,,,,,,,,,,,,,,,,,,,,,,,,,,,,,,,,,,,,,,,,,,,,,,,,,,,,,,,,,,,,,,,,,,,,,,,,,,,,,,,,,,,,,,,,,,,,,,
EBITDA,,,,,,,,,,,,,,,,,,,,,,,,,,,,,,,,,,,,,,,,,,,,,,,,,,,,,,,,,,,,,,,,,,,,,,,,,,,,,,,,,,,,,,,,,,,,,,,,,,,,,
,depreciationAndAmortization,12796000000.0,12472000000.0,176000000.0,180000000.0,174000000.0,155000000.0,130000000.0,118000000.0,102000000.0,102000000.0,93000000.0,93000000.0,75000000.0,3388304000.0,3010192000.0,1567090000.0,1309290000.0,1128453000000.0,1017813000000.0
,EBITDA,45755000000.0,45242000000.0,176000000.0,180000000.0,174000000.0,155000000.0,130000000.0,118000000.0,102000000.0,102000000.0,372000000.0,139000000.0,-4000000.0,3388130000.0,3009872000.0,1567096000.0,1311370000.0,1128453000000.0,4363937000000.0
,EBITDARatio,0.241168657298574,0.259117983963345,0.0791011235955056,0.0825309491059147,0.080147397512667,0.0663811563169165,0.0546677880571909,0.0535633227417158,0.0,0.0,0.221824686940966,0.0889315419065899,-0.00293040293040293,52.0490052999462,124.031483084024,80.2856703724576,140.313503102932,0.0,0.556700453582197
,,,,,,,,,,,,,,,,,,,,,,,,,,,,,,,,,,,,,,,,,,,,,,,,,,,,,,,,,,,,,,,,,,,,,,,,,,,,,,,,,,,,,,,,,,,,,,,,,,,,,
INCOME,,,,,,,,,,,,,,,,,,,,,,,,,,,,,,,,,,,,,,,,,,,,,,,,,,,,,,,,,,,,,,,,,,,,,,,,,,,,,,,,,,,,,,,,,,,,,,,,,,,,,
,operatingIncome,32959000000.0,32770000000.0,0.0,0.0,0.0,0.0,0.0,0.0,0.0,0.0,279000000.0,46000000.0,-79000000.0,-174000.0,-320000.0,6000.0,2080000.0,0.0,3346124000000.0
,operatingIncomeRatio,0.173722604653124,0.187686139747995,0.0,0.0,0.0,0.0,0.0,0.0,0.0,0.0,0.166368515205725,0.0294305822136916,-0.0578754578754579,-0.00267301636070359,-0.0131866320517575,0.000307392796762129,0.222555103787717,0.0,0.426859679354279
,totalOtherIncomeExpensesNet,-6288000000.0,-14648000000.0,-28000000.0,-12000000.0,-16000000.0,-13000000.0,-15000000.0,-24000000.0,0.0,0.0,-25000000.0,-13000000.0,5000000.0,-174000.0,-320000.0,6000.0,504000.0,0.0,683124000000.0
,incomeBeforeTax,28324000000.0,18032000000.0,0.0,0.0,0.0,0.0,0.0,0.0,0.0,0.0,279000000.0,46000000.0,-79000000.0,10500000.0,1887000.0,107000.0,2540000.0,0.0,3937154000000.0
,incomeBeforeTaxRatio,0.149292122157683,0.103276059564719,0.0,0.0,0.0,0.0,0.0,0.0,0.0,0.0,0.166368515205725,0.0294305822136916,-0.0578754578754579,0.161302711421768,0.0777599208802077,0.00548183820892464,0.271774020971539,0.0,0.502256429829982
,incomeTaxExpense,9175000000.0,-1466000000.0,0.0,0.0,0.0,0.0,0.0,0.0,0.0,0.0,-31000000.0,-22000000.0,-23000000.0,-1176000.0,-258000.0,94000.0,-69000.0,0.0,0.0
,netIncome,19149000000.0,19498000000.0,0.0,0.0,0.0,0.0,0.0,0.0,0.0,0.0,310000000.0,68000000.0,-56000000.0,9326000.0,1628000.0,13000.0,2609000.0,0.0,3532358000000.0
,netIncomeRatio,0.100931889817733,0.111672394043528,0.0,0.0,0.0,0.0,0.0,0.0,0.0,0.0,0.184853905784138,0.0435060780550224,-0.041025641025641,0.143267532068515,0.0670869905633164,0.000666017726317947,0.279156858549112,0.0,0.450617252452247
,,,,,,,,,,,,,,,,,,,,,,,,,,,,,,,,,,,,,,,,,,,,,,,,,,,,,,,,,,,,,,,,,,,,,,,,,,,,,,,,,,,,,,,,,,,,,,,,,,,,,
EPS,,,,,,,,,,,,,,,,,,,,,,,,,,,,,,,,,,,,,,,,,,,,,,,,,,,,,,,,,,,,,,,,,,,,,,,,,,,,,,,,,,,,,,,,,,,,,,,,,,,,,
,EPS,115.511200369906,117.616449,6.0,5.0,5.0,3.0,3.0,3.0,0.0,0.0,1.47,1.0,-0.079,58.82,10.64,0.000169892558247239,0.0340984401185648,0.0,46.1649903363937
,EPSDiluted,115.511200369906,117.4,6.0,5.0,5.0,3.0,3.0,3.0,0.0,0.0,1.46,1.0,-0.079,58.56,10.62,0.00016980190426566,0.0340824781339805,0.0,46.1645179274582
,weightedAverageShsOut,165776132.0,165776132.0,-52000000.0,-52000000.0,-52000000.0,-88000000.0,-88000000.0,197000000.0,302000000.0,302000000.0,210884353.0,68000000.0,168349139.0,1.58552422e+17,1.53093316e+17,76518949.0,76513764.0,76512872000.0,76515948000.0
,weightedAverageShsOutDil,165776132.0,166081772.0,-52000000.0,-52000000.0,-52000000.0,-88000000.0,-88000000.0,197000000.0,302000000.0,302000000.0,212328767.0,68000000.0,168349139.0,1.59256476e+17,1.53403846e+17,76559801.0,76549598.0,76540833000.0,76516731000.0
