Date,2018-12-31,2017-12-31,2016-12-31,2015-12-31,2014-12-31,2013-12-31,2012-12-31,2011-12-31,2010-12-31,2009-12-31
Revenue,1488642.0,1509070.0,1236097.0,2007482.0,1598799.0,2161359.0,1957336.0,845982.0,767522.0,709811.0
Revenue Growth,-0.0135,0.2208,-0.3843,0.2556,-0.2603,0.1042,1.3137,0.1022,0.0813,-0.5775
Cost of Revenue,0.0,0.0,0.0,0.0,0.0,0.0,0.0,0.0,0.0,0.0
Gross Profit,1488642.0,1509070.0,1236097.0,2007482.0,1598799.0,2161359.0,1957336.0,845982.0,767522.0,709811.0
R&D Expenses,863401.0,799702.0,1417634.0,1588491.0,1621964.0,2203326.0,1671872.0,1390689.0,1404654.0,1549707.0
SG&A Expense,3043460.0,3127979.0,4086408.0,4742166.0,4425718.0,6036792.0,4101592.0,3618635.0,3253250.0,3183492.0
Operating Expenses,3906861.0,3927681.0,5504042.0,6330657.0,6047682.0,8240118.0,5773464.0,5009324.0,4657904.0,4733199.0
Operating Income,-2418219.0,-2418611.0,-4267945.0,-4323175.0,-4448883.0,-6078759.0,-3816128.0,-4163342.0,-3890382.0,-4023388.0
Interest Expense,0.0,0.0,0.0,0.0,0.0,0.0,0.0,0.0,0.0,0.0
Earnings before Tax,-2686128.0,-2413859.0,-4238410.0,-4279856.0,-4413722.0,-6040611.0,-3782957.0,-4134068.0,-3874865.0,-4002761.0
Income Tax Expense,0.0,0.0,0.0,0.0,0.0,0.0,-613397.0,0.0,0.0,0.0
Net Income - Non-Controlling int,0.0,0.0,0.0,0.0,0.0,0.0,0.0,0.0,0.0,0.0
Net Income - Discontinued ops,0.0,0.0,0.0,0.0,0.0,0.0,0.0,0.0,0.0,0.0
Net Income,-2686128.0,-2413859.0,-4238410.0,-4279856.0,-4413722.0,-6040611.0,-3169560.0,-4134068.0,-3874865.0,-4002761.0
Preferred Dividends,0.0,0.0,0.0,0.0,0.0,0.0,0.0,0.0,0.0,0.0
Net Income Com,-2686128.0,-2413859.0,-4238410.0,-4279856.0,-4413722.0,-6040611.0,-3169560.0,-4134068.0,-3874865.0,-4002761.0
EPS,-0.1,-0.1,-0.18,-0.18,-0.19,-0.26,-0.16,-0.22,-0.22,-0.25
EPS Diluted,-0.1,-0.1,-0.18,-0.18,-0.19,-0.26,-0.16,-0.22,-0.22,-0.25
Weighted Average Shs Out,27662211.0,24043846.0,24043846.0,24043846.0,23924465.0,22916095.0,22646782.0,18544355.0,17986973.0,16522727.0
Weighted Average Shs Out (Dil),25956232.0,24043846.0,24043846.0,24007974.0,23663229.0,22946019.0,20125309.0,18538041.0,17321360.0,16065248.0
Dividend per Share,0.0,0.0,0.0,0.0,0.0,0.0,0.0,0.0,0.0,0.0
Gross Margin,1.0,1.0,1.0,1.0,1.0,1.0,1.0,1.0,1.0,1.0
EBITDA Margin,-1.683,-1.483,-3.276,-2.062,-2.741,-2.774,-1.915,-4.84,-4.991,-5.583
EBIT Margin,-1.8044,-1.5996,-3.4289,-2.132,-2.7606,-2.7948,-1.9327,-4.8867,-5.0485,-5.6392
Profit Margin,-1.804,-1.6,-3.429,-2.132,-2.761,-2.795,-1.619,-4.887,-5.049,-5.639
Free Cash Flow margin,-1.3991,-0.9788,-3.245,-1.9412,-2.4715,-1.5247,-1.3747,-3.9777,-4.1854,-5.2922
EBITDA,-2505081.0,-2238216.0,-4049909.0,-4139686.0,-4381898.0,-5995399.0,-3747994.0,-4094211.0,-3830550.0,-3962684.0
EBIT,-2686128.0,-2413859.0,-4238410.0,-4279856.0,-4413722.0,-6040611.0,-3782957.0,-4134068.0,-3874865.0,-4002761.0
Consolidated Income,-2686128.0,-2413859.0,-4238410.0,-4279856.0,-4413722.0,-6040611.0,-3169560.0,-4134068.0,-3874865.0,-4002761.0
Earnings Before Tax Margin,-1.8044,-1.5996,-3.4289,-2.132,-2.7606,-2.7948,-1.9327,-4.8867,-5.0485,-5.6392
Net Profit Margin,-1.8044,-1.5996,-3.4289,-2.132,-2.7606,-2.7948,-1.6193,-4.8867,-5.0485,-5.6392
