Date,2018-12-31,2017-12-31,2016-12-31,2015-12-31,2014-12-31,2013-12-31,2012-12-31,2011-12-31,2010-12-31,2009-12-31
Revenue,2564500000.0,2693700000.0,2334000000.0,1914300000.0,1941000000.0,1494700000.0,1426100000.0,0.0,1321400000.0,1295900000.0
Revenue Growth,-0.047963767308906,0.154113110539846,0.219244632502743,-0.0137557959814529,0.298588345487389,0.0481032185681229,0.0,-1,0.0196774442472413,-0.0378
Cost of Revenue,1117000000.0,1151300000.0,917100000.0,667800000.0,668300000.0,545100000.0,506500000.0,0.0,455300000.0,474700000.0
Gross Profit,1447500000.0,1542400000.0,1416900000.0,1246500000.0,1272700000.0,949600000.0,919600000.0,0.0,866100000.0,821200000.0
R&D Expenses,42400000.0,35700000.0,37000000.0,31200000.0,31600000.0,26900000.0,24200000.0,0.0,0.0,0.0
SG&A Expense,1460500000.0,1467600000.0,1161000000.0,1002500000.0,1009500000.0,731700000.0,710200000.0,0.0,666600000.0,629100000.0
Operating Expenses,1502900000.0,1503300000.0,1198000000.0,1033700000.0,1041100000.0,758600000.0,734400000.0,0.0,666300000.0,650400000.0
Operating Income,-85200000.0,-22300000.0,155300000.0,215800000.0,235500000.0,189000000.0,188700000.0,53400000.0,199800000.0,170800000.0
Interest Expense,176600000.0,149800000.0,105200000.0,83300000.0,84400000.0,73800000.0,79100000.0,84900000.0,90500000.0,91500000.0
Earnings before Tax,-291900000.0,-163500000.0,8500000.0,110700000.0,117400000.0,70600000.0,94400000.0,0.0,80100000.0,57100000.0
Income Tax Expense,2200000.0,21800000.0,25500000.0,51400000.0,77800000.0,46000000.0,43700000.0,13400000.0,-247200000.0,8300000.0
Net Income - Non-Controlling int,0.0,0.0,0.0,0.0,0.0,0.0,0.0,0.0,0.0,0.0
Net Income - Discontinued ops,0.0,0.0,0.0,0.0,0.0,0.0,0.0,0.0,-300000.0,-300000.0
Net Income,-294200000.0,-183200000.0,-21900000.0,56100000.0,40900000.0,-5800000.0,51100000.0,53400000.0,327300000.0,48800000.0
Preferred Dividends,0.0,0.0,0.0,0.0,0.0,0.0,0.0,0.0,0.0,0.0
Net Income Com,-294200000.0,-183200000.0,-21900000.0,56100000.0,40900000.0,-5800000.0,51100000.0,53400000.0,327300000.0,48800000.0
EPS,-5.57,-3.48,-0.42,1.07,0.78,-0.11,0.98,1.02,6.31,0.95
EPS Diluted,-5.57,-3.48,-0.42,1.07,0.78,-0.11,0.98,1.02,6.26,0.94
Weighted Average Shs Out,52797686.0,52597582.0,52504196.0,52431193.0,52359897.0,52356798.0,52348636.0,52173906.0,51901970.0,51568072.0
Weighted Average Shs Out (Dil),52797686.0,52597582.0,52504196.0,52591545.0,52423939.0,52357729.0,52356882.0,52331807.0,51892824.0,51552213.0
Dividend per Share,0.0,0.0,0.0,0.0,0.0,0.118416136804,0.118418052473,0.0,0.0,0.0
Gross Margin,0.564437512186,0.572595314994,0.60706940874,0.651151857076,0.655692941783,0.635311433733,0.644835565528,0.0,0.6554,0.6337
EBITDA Margin,0.0414895691168,0.0533838215094,0.122836332476,0.170349475004,0.177743431221,0.182243928548,0.18308674006,0.0,0.172,0.161
EBIT Margin,-0.0332228504582,-0.00827857593644,0.0665381319623,0.112730502011,0.121329211747,0.126446778618,0.132318911717,0.0,0.1291,0.1147
Profit Margin,-0.114720218366,-0.0680105431191,-0.00938303341902,0.0293057514496,0.0210716125708,-0.00388037733324,0.0358319893416,0.0,0.248,0.038
Free Cash Flow margin,-0.088906219536,-0.0919181794558,0.0246786632391,0.0558951052604,0.0610510046368,0.0633571954238,0.0583409298086,0.0,0.0621,0.0735
EBITDA,106400000.0,143800000.0,286700000.0,326100000.0,345000000.0,272400000.0,261100000.0,122000000.0,227600000.0,208700000.0
EBIT,-85200000.0,-22300000.0,155300000.0,215800000.0,235500000.0,189000000.0,188700000.0,53400000.0,170600000.0,148600000.0
Consolidated Income,-294200000.0,-183200000.0,-21900000.0,56100000.0,40900000.0,-5800000.0,51100000.0,53400000.0,327300000.0,48800000.0
Earnings Before Tax Margin,-0.11382335738,-0.0606971823143,0.00364181662382,0.0578279266573,0.0604842864503,0.0472335585736,0.0661945165136,0.0,0.0606,0.0441
Net Profit Margin,-0.114720218366,-0.0680105431191,-0.00938303341902,0.0293057514496,0.0210716125708,-0.00388037733324,0.0358319893416,0.0,0.2477,0.0377
