date,,2020-12-31_FY,2019-12-31_FY,2018-12-31_FY,2017-12-31_FY,2016-12-31_FY,2015-12-31_FY,2014-12-31_FY,2013-12-31_FY,2012-12-31_FY,2011-12-31_FY,2010-12-31_FY,2009-12-31_FY,2008-12-31_FY,2007-12-31_FY
,revenue,2800000000.0,2923000000.0,3756000000.0,3513000000.0,3545000000.0,3645000000.0,4258000000.0,4461000000.0,4503000000.0,4756000000.0,4746000000.0,4366000000.0,6771000000.0,3876000000.0
,costOfRevenue,2010000000.0,2198000000.0,2549000000.0,2574000000.0,2716000000.0,2826000000.0,3240000000.0,3446000000.0,3492000000.0,3590000000.0,3724000000.0,3343000000.0,5144000000.0,3206000000.0
,grossProfit,790000000.0,725000000.0,1207000000.0,939000000.0,829000000.0,819000000.0,1018000000.0,1015000000.0,1011000000.0,1166000000.0,1022000000.0,1023000000.0,1627000000.0,670000000.0
,grossProfitRatio,0.282142857142857,0.248032842969552,0.321352502662407,0.267292912040991,0.233850493653032,0.224691358024691,0.239079379990606,0.227527460210715,0.224516988674217,0.245164003364172,0.215339233038348,0.234310581768209,0.240289469797667,0.172858617131063
,,,,,,,,,,,,,,,,,,,,,,,,,,,,,,,,,,,,,,,,,,,,,,,,,,,,,,,,,,,,,,,,,,,,,,,,,,,,,,,,,,,,,,,,,,,,,,,,,,,,,
COST And EXPENSES,,,,,,,,,,,,,,,,,,,,,,,,,,,,,,,,,,,,,,,,,,,,,,,,,,,,,,,,,,,,,,,,,,,,,,,,,,,,,,,,,,,,,,,,,,,,,,,,,,,,,
,ResearchAndDevelopmentExpenses,0.0,0.0,0.0,0.0,0.0,0.0,0.0,0.0,0.0,0.0,0.0,0.0,0.0,0.0
,GeneralAndAdministrativeExpenses,136000000.0,136000000.0,165000000.0,172000000.0,149000000.0,160000000.0,155000000.0,166000000.0,149000000.0,158000000.0,708000000.0,685000000.0,1089000000.0,668000000.0
,SellingAndMarketingExpenses,344000000.0,389000000.0,475000000.0,442000000.0,440000000.0,460000000.0,518000000.0,521000000.0,514000000.0,547000000.0,0.0,0.0,0.0,0.0
,otherExpenses,-4000000.0,25000000.0,55000000.0,-3000000.0,9000000.0,8000000.0,10000000.0,-7000000.0,-6000000.0,0.0,0.0,0.0,0.0,0.0
,operatingExpenses,649000000.0,692000000.0,852000000.0,818000000.0,795000000.0,857000000.0,916000000.0,930000000.0,896000000.0,971000000.0,1171000000.0,1287000000.0,2247000000.0,947000000.0
,costAndExpenses,2659000000.0,2890000000.0,3401000000.0,3392000000.0,3511000000.0,3683000000.0,4156000000.0,4376000000.0,4388000000.0,4561000000.0,4895000000.0,4630000000.0,7391000000.0,4153000000.0
,interestExpense,34000000.0,31000000.0,47000000.0,49000000.0,38000000.0,41000000.0,47000000.0,51000000.0,66000000.0,95000000.0,483000000.0,597000000.0,706000000.0,0.0
,,,,,,,,,,,,,,,,,,,,,,,,,,,,,,,,,,,,,,,,,,,,,,,,,,,,,,,,,,,,,,,,,,,,,,,,,,,,,,,,,,,,,,,,,,,,,,,,,,,,,
EBITDA,,,,,,,,,,,,,,,,,,,,,,,,,,,,,,,,,,,,,,,,,,,,,,,,,,,,,,,,,,,,,,,,,,,,,,,,,,,,,,,,,,,,,,,,,,,,,,,,,,,,,
,depreciationAndAmortization,169000000.0,167000000.0,212000000.0,204000000.0,206000000.0,237000000.0,243000000.0,243000000.0,233000000.0,220000000.0,493000000.0,602000000.0,726000000.0,396000000.0
,EBITDA,310000000.0,200000000.0,567000000.0,325000000.0,240000000.0,199000000.0,345000000.0,328000000.0,348000000.0,415000000.0,344000000.0,338000000.0,106000000.0,119000000.0
,EBITDARatio,0.110714285714286,0.0684228532329798,0.150958466453674,0.0925135212069456,0.0677009873060649,0.0545953360768176,0.0810239549084077,0.0735261152208025,0.0772818121252498,0.0872582001682086,0.0724820901812052,0.0774163994502978,0.0156549992615566,0.0307017543859649
,,,,,,,,,,,,,,,,,,,,,,,,,,,,,,,,,,,,,,,,,,,,,,,,,,,,,,,,,,,,,,,,,,,,,,,,,,,,,,,,,,,,,,,,,,,,,,,,,,,,,
INCOME,,,,,,,,,,,,,,,,,,,,,,,,,,,,,,,,,,,,,,,,,,,,,,,,,,,,,,,,,,,,,,,,,,,,,,,,,,,,,,,,,,,,,,,,,,,,,,,,,,,,,
,operatingIncome,141000000.0,33000000.0,355000000.0,121000000.0,34000000.0,-38000000.0,102000000.0,85000000.0,115000000.0,195000000.0,-149000000.0,-264000000.0,-620000000.0,-277000000.0
,operatingIncomeRatio,0.0503571428571429,0.0112897707834417,0.0945154419595314,0.0344434955878167,0.00959097320169252,-0.0104252400548697,0.0239549084077031,0.0190540237614885,0.0255385298689762,0.0410008410428932,-0.0313948588284871,-0.0604672469079249,-0.0915669768128785,-0.0714654282765738
,totalOtherIncomeExpensesNet,-46000000.0,9000000.0,79000000.0,-66000000.0,-53000000.0,-177000000.0,-359000000.0,-150000000.0,-128000000.0,-48000000.0,-100000000.0,-182000000.0,-717000000.0,-6000000.0
,incomeBeforeTax,61000000.0,11000000.0,387000000.0,6000000.0,-57000000.0,-256000000.0,-304000000.0,-115000000.0,-74000000.0,55000000.0,1169000000.0,-1682000000.0,-2043000000.0,-649000000.0
,incomeBeforeTaxRatio,0.0217857142857143,0.00376325692781389,0.103035143769968,0.00170794192997438,-0.0160789844851904,-0.0702331961591221,-0.0713950211366839,-0.0257789733243667,-0.0164334887852543,0.0115643397813288,0.246312684365782,-0.385249656436097,-0.301727957465662,-0.167440660474716
,incomeTaxExpense,51000000.0,58000000.0,152000000.0,84000000.0,19000000.0,-1000000.0,-30000000.0,524000000.0,-38000000.0,16000000.0,-1606000000.0,-122000000.0,-92000000.0,-158000000.0
,netIncome,10000000.0,-47000000.0,235000000.0,-84000000.0,-81000000.0,-257000000.0,-277000000.0,-639000000.0,-2000000.0,41000000.0,2614000000.0,-1553000000.0,-2234000000.0,-490000000.0
,netIncomeRatio,0.00357142857142857,-0.0160793705097503,0.062566560170394,-0.0239111870196413,-0.0228490832157969,-0.0705075445816187,-0.0650540159699389,-0.143241425689307,-0.000444148345547413,0.00862068965517241,0.550779603876949,-0.355703160787907,-0.32993649387092,-0.126418988648091
,,,,,,,,,,,,,,,,,,,,,,,,,,,,,,,,,,,,,,,,,,,,,,,,,,,,,,,,,,,,,,,,,,,,,,,,,,,,,,,,,,,,,,,,,,,,,,,,,,,,,
EPS,,,,,,,,,,,,,,,,,,,,,,,,,,,,,,,,,,,,,,,,,,,,,,,,,,,,,,,,,,,,,,,,,,,,,,,,,,,,,,,,,,,,,,,,,,,,,,,,,,,,,
,EPS,0.109409190371991,-0.51,2.57,-0.93,-0.9,-2.78,-2.93,-6.75,-0.0205338809034908,0.42,45.3,-26.91,-38.79,-14.11
,EPSDiluted,0.109409190371991,-0.51,2.52,-0.93,-0.9,-2.78,-2.93,-6.75,-0.0205128205128205,0.42,27.63,-26.91,-38.79,-14.11
,weightedAverageShsOut,82000000.0,91400000.0,91300000.0,90500000.0,89900000.0,92400000.0,94600000.0,94700000.0,97400000.0,97100000.0,57700000.0,57700000.0,57600000.0,34700000.0
,weightedAverageShsOutDil,82000000.0,91400000.0,93300000.0,90500000.0,89900000.0,92400000.0,94600000.0,94700000.0,97500000.0,97100000.0,94600000.0,57700000.0,57600000.0,34700000.0
