Date,2018-12-31,2017-12-31,2016-12-31,2015-12-31,2014-12-31,2013-12-31,2012-12-31,2011-12-31,2010-12-31,2009-12-31
Revenue,12729000.0,15592000.0,17483000.0,45527000.0,70775000.0,57659000.0,43976000.0,109257000.0,77324000.0,64328000.0
Revenue Growth,-0.1836,-0.1082,-0.616,-0.3567,0.2275,0.3111,-0.5975,0.413,0.202,0.6401
Cost of Revenue,16382000.0,20676000.0,21344000.0,39091000.0,58018000.0,43398000.0,27996000.0,81397000.0,55814000.0,48371000.0
Gross Profit,-3653000.0,-5084000.0,-3861000.0,6436000.0,12757000.0,14261000.0,15980000.0,27860000.0,21510000.0,15957000.0
R&D Expenses,0.0,0.0,0.0,0.0,0.0,0.0,0.0,0.0,0.0,0.0
SG&A Expense,9793000.0,10789000.0,7651000.0,19742000.0,35689000.0,25303000.0,30767000.0,27743000.0,19489000.0,18553000.0
Operating Expenses,10255000.0,12234000.0,7675000.0,23261000.0,53319000.0,27580000.0,54327000.0,30136000.0,19489000.0,18553000.0
Operating Income,-13908000.0,-17318000.0,-11536000.0,-16825000.0,-40562000.0,-13319000.0,-38347000.0,-2276000.0,2021000.0,-2596000.0
Interest Expense,0.0,0.0,2872000.0,487000.0,1170000.0,928000.0,790000.0,184000.0,-15000.0,2000.0
Earnings before Tax,-42084000.0,-17700000.0,-25328000.0,-10771000.0,-58351000.0,-11242000.0,-38486000.0,-2460000.0,2036000.0,-2598000.0
Income Tax Expense,0.0,0.0,0.0,9000.0,-1240000.0,58000.0,8720000.0,-560000.0,797000.0,-1021000.0
Net Income - Non-Controlling int,0.0,0.0,0.0,0.0,0.0,0.0,0.0,0.0,0.0,0.0
Net Income - Discontinued ops,0.0,0.0,-502000.0,972000.0,30910000.0,-979000.0,-651000.0,0.0,0.0,0.0
Net Income,-42084000.0,-17700000.0,-25328000.0,-10780000.0,-57111000.0,-11300000.0,-47206000.0,-1900000.0,1239000.0,-1577000.0
Preferred Dividends,0.0,0.0,0.0,0.0,0.0,0.0,0.0,0.0,0.0,0.0
Net Income Com,-42084000.0,-17700000.0,-25328000.0,-10780000.0,-57111000.0,-11300000.0,-47206000.0,-1900000.0,1239000.0,-1577000.0
EPS,-1.18,-2.55,-183.53,-23100.0,-14322.0,-4560.0,-21240.0,-960.0,840.0,-1080.0
EPS Diluted,-1.18,-2.55,-183.53,-23100.0,-14322.0,-4560.0,-21240.0,-960.0,840.0,-1080.0
Weighted Average Shs Out,77090149.0,8151845.0,268280.0,20491.0,4335.0,2536.0,2224.0,1496.0,1526.0,1524.0
Weighted Average Shs Out (Dil),35618000.0,6950000.0,138000.0,467000.0,3987.0,2457.0,2223.0,1964.0,1525.0,1515.0
Dividend per Share,0.0,0.0,0.0,0.0,0.0,0.0,0.0,0.0,0.0,0.0
Gross Margin,-0.287,-0.3261,-0.2208,0.1414,0.1802,0.2473,0.3634,0.255,0.2782,0.2481
EBITDA Margin,-3.275,-1.109,-1.26,-0.215,-0.763,-0.163,-0.825,-0.011,0.033,-0.034
EBIT Margin,-3.3062,-1.1352,-1.2844,-0.2259,-0.8079,-0.1789,-0.8572,-0.0208,0.0261,-0.0404
Profit Margin,-3.306,-1.135,-1.449,-0.237,-0.807,-0.196,-1.073,-0.017,0.016,-0.025
Free Cash Flow margin,-0.9735,-1.0561,-0.7061,-0.2812,-0.4363,-0.2946,-0.2969,0.0118,-0.014,-0.0021
EBITDA,-41683000.0,-17285000.0,-22032000.0,-9800000.0,-54005000.0,-9402000.0,-36262000.0,-1255000.0,2550000.0,-2158000.0
EBIT,-42084000.0,-17700000.0,-22456000.0,-10284000.0,-57181000.0,-10314000.0,-37696000.0,-2276000.0,2021000.0,-2596000.0
Consolidated Income,-42084000.0,-17700000.0,-25328000.0,-10780000.0,-57111000.0,-11300000.0,-47206000.0,-1900000.0,1239000.0,-1577000.0
Earnings Before Tax Margin,-3.3062,-1.1352,-1.4487,-0.2366,-0.8245,-0.195,-0.8752,-0.0225,0.0263,-0.0404
Net Profit Margin,-3.3062,-1.1352,-1.4487,-0.2368,-0.8069,-0.196,-1.0734,-0.0174,0.016,-0.0245
