Date,2018-12-31,2017-12-31,2016-12-31,2015-12-31,2014-12-31,2013-12-31,2012-12-31,2011-12-31,2010-12-31,2009-12-31
Revenue,422991000.0,322176000.0,190351000.0,112525000.0,77116000.0,76132000.0,83936000.0,63526000.0,42145000.0,83421000.0
Revenue Growth,0.312919025625745,0.692536419561757,0.691632970451011,0.459165413143835,0.0129249198760048,-0.0929756004574914,0.321285772754463,0.50731996678135,-0.494791479363709,0.569
Cost of Revenue,52380000.0,55899000.0,55612000.0,32121000.0,37546000.0,35652000.0,36661000.0,23140000.0,22091000.0,30160000.0
Gross Profit,370611000.0,266277000.0,134739000.0,80404000.0,39570000.0,40480000.0,47275000.0,40386000.0,20054000.0,53261000.0
R&D Expenses,0.0,0.0,0.0,0.0,0.0,0.0,0.0,0.0,0.0,0.0
SG&A Expense,293682000.0,213008000.0,82127000.0,58322000.0,44453000.0,36382000.0,39834000.0,32946000.0,31413000.0,35743000.0
Operating Expenses,302188000.0,225382000.0,86014000.0,58322000.0,47001000.0,36382000.0,39834000.0,32946000.0,31413000.0,35743000.0
Operating Income,68423000.0,40895000.0,48725000.0,22082000.0,-7431000.0,4098000.0,7441000.0,7440000.0,-11359000.0,17518000.0
Interest Expense,56432000.0,20433000.0,1996000.0,834000.0,1262000.0,2667000.0,2612000.0,4885000.0,3667000.0,11273000.0
Earnings before Tax,20412000.0,20066000.0,35847000.0,19493000.0,-8687000.0,1762000.0,5457000.0,2662000.0,-16144000.0,5292000.0
Income Tax Expense,4903000.0,8510000.0,14321000.0,7688000.0,-2886000.0,704000.0,1936000.0,2060000.0,-5106000.0,-11664000.0
Net Income - Non-Controlling int,891000.0,379000.0,11200000.0,1772000.0,6000.0,-482000.0,819000.0,0.0,0.0,0.0
Net Income - Discontinued ops,0.0,0.0,0.0,0.0,0.0,0.0,0.0,0.0,0.0,142000.0
Net Income,15509000.0,11556000.0,21526000.0,11805000.0,-5801000.0,1058000.0,3521000.0,602000.0,-11038000.0,16956000.0
Preferred Dividends,0.0,0.0,0.0,0.0,0.0,0.0,0.0,0.0,0.0,0.0
Net Income Com,15509000.0,11556000.0,21526000.0,11805000.0,-5801000.0,1058000.0,3521000.0,602000.0,-11038000.0,16956000.0
EPS,0.6,0.5,1.19,0.73,-0.6,0.74,2.46,0.02,-7.8,19.0
EPS Diluted,0.58,0.48,1.17,0.73,-0.6,0.71,2.38,0.02,-7.8,18.2
Weighted Average Shs Out,26554205.0,26467594.0,19043072.0,16321452.0,15977482.0,1500149.0,1500149.0,28539651.0,1527952.0,1498081.0
Weighted Average Shs Out (Dil),25937305.0,23181388.0,18106621.0,16221040.0,9612154.0,1434107.0,1434107.0,29408466.0,1403788.0,889334.0
Dividend per Share,0.74,0.67,0.28,0.32,0.03,0.0,0.0,0.112246589128,0.0,0.0
Gross Margin,0.8762,0.8265,0.7078,0.7145,0.5131,0.5317,0.5632,0.635739697132,0.4758,0.6385
EBITDA Margin,0.214,0.16,0.221,0.188,-0.088,0.083,0.106,0.142146522684,-0.277,0.206
EBIT Margin,0.1817,0.1257,0.1988,0.1806,-0.0963,0.0582,0.0961,0.117117400749,-0.296,0.1986
Profit Margin,0.037,0.036,0.113,0.105,-0.075,0.014,0.042,0.00947643484558,-0.262,0.203
Free Cash Flow margin,-0.2605,-0.2538,0.4184,0.2794,-0.3019,-0.0477,0.1858,-0.0363473223562,-0.1584,0.2164
EBITDA,90653000.0,51639000.0,42149000.0,21175000.0,-6779000.0,6292000.0,8904000.0,9030000.0,-11685000.0,17199000.0
EBIT,76844000.0,40499000.0,37843000.0,20327000.0,-7425000.0,4429000.0,8069000.0,7440000.0,-12477000.0,16565000.0
Consolidated Income,16400000.0,11935000.0,32726000.0,13577000.0,-5795000.0,576000.0,4340000.0,602000.0,-11038000.0,16956000.0
Earnings Before Tax Margin,0.0483,0.0623,0.1883,0.1732,-0.1126,0.0231,0.065,0.0419041022573,-0.3831,0.0634
Net Profit Margin,0.0367,0.0359,0.1131,0.1049,-0.0752,0.0139,0.0419,0.00947643484558,-0.2619,0.2033
