Date,2018-12-31,2017-12-31,2016-12-31,2015-12-31,2014-12-31,2013-12-31,2012-12-31,2011-12-31,2010-12-31,2009-12-31
Revenue,135849000.0,171926000.0,148351000.0,131863000.0,145426000.0,137307000.0,145896000.0,132388000.0,158412000.0,161267000.0
Revenue Growth,-0.2098,0.1589,0.125,-0.0933,0.0591,-0.0589,0.102,-0.1643,-0.0177,-0.1431
Cost of Revenue,94191000.0,121166000.0,114092000.0,106876000.0,116030000.0,113575000.0,121025000.0,108578000.0,124612000.0,121077000.0
Gross Profit,41658000.0,50760000.0,34259000.0,24987000.0,29396000.0,23732000.0,24871000.0,23810000.0,33800000.0,40190000.0
R&D Expenses,0.0,0.0,0.0,0.0,0.0,0.0,0.0,0.0,0.0,0.0
SG&A Expense,32122000.0,29753000.0,18634000.0,9819000.0,8353000.0,7945000.0,6022000.0,5503000.0,6304000.0,5200000.0
Operating Expenses,19905000.0,49657000.0,34405000.0,12570000.0,22637000.0,34577000.0,35240000.0,15999000.0,32791000.0,42088000.0
Operating Income,21753000.0,1103000.0,-146000.0,12417000.0,6759000.0,-10845000.0,-10369000.0,7811000.0,1009000.0,-1898000.0
Interest Expense,6209000.0,8252000.0,6752000.0,6979000.0,4575000.0,5516000.0,7553000.0,8355000.0,9012000.0,8503000.0
Earnings before Tax,1886000.0,-4081000.0,-5155000.0,2526000.0,2334000.0,-17864000.0,-21203000.0,-1377000.0,-11400000.0,-10478000.0
Income Tax Expense,-71000.0,-4662000.0,-478000.0,-193000.0,31000.0,-817000.0,-6529000.0,5771000.0,-2791000.0,-3815000.0
Net Income - Non-Controlling int,13129000.0,-2069000.0,-163000.0,1297000.0,0.0,0.0,-7000.0,86000.0,-10000.0,-1000.0
Net Income - Discontinued ops,0.0,-181000.0,-1254000.0,-453000.0,189000.0,1977000.0,3517000.0,1178000.0,3816000.0,457000.0
Net Income,1957000.0,581000.0,-4677000.0,2719000.0,2303000.0,-17047000.0,-14674000.0,-7148000.0,-8609000.0,-6663000.0
Preferred Dividends,0.0,0.0,0.0,0.0,0.0,0.0,0.0,0.0,0.0,0.0
Net Income Com,1957000.0,581000.0,-4677000.0,2719000.0,2303000.0,-17047000.0,-14674000.0,-7148000.0,-8609000.0,-6663000.0
EPS,0.08,0.02,-0.23,0.14,0.12,-0.87,-0.76,-0.38,-0.47,-0.37
EPS Diluted,0.08,0.02,-0.23,0.13,0.12,-0.87,-0.76,-0.38,-0.47,-0.37
Weighted Average Shs Out,24563933.0,23626111.0,20931782.0,20051145.0,19846508.0,19685393.0,19430326.0,19113698.0,18654263.0,18175145.0
Weighted Average Shs Out (Dil),24392000.0,23669000.0,20427000.0,19983000.0,19785000.0,19575000.0,19327000.0,19053000.0,18485000.0,18106000.0
Dividend per Share,0.0,0.0,0.0,0.0,0.0,0.0,0.0,0.0,0.0,0.0
Gross Margin,0.3066,0.2952,0.2309,0.1895,0.2021,0.1728,0.1705,0.1799,0.2134,0.2492
EBITDA Margin,0.185,0.134,0.121,0.173,0.135,0.013,0.015,0.196,0.117,0.118
EBIT Margin,0.0596,0.0243,0.0108,0.0721,0.0475,-0.0899,-0.0936,0.0527,-0.0151,-0.0122
Profit Margin,0.014,0.003,-0.032,0.021,0.016,-0.124,-0.101,-0.054,-0.054,-0.041
Free Cash Flow margin,0.748,0.0277,-0.1486,0.226,0.0233,0.0722,0.1772,0.1803,0.0563,-0.0044
EBITDA,25098000.0,23059000.0,17878000.0,22820000.0,19671000.0,1799000.0,2165000.0,25999000.0,18531000.0,18979000.0
EBIT,8095000.0,4171000.0,1597000.0,9505000.0,6909000.0,-12348000.0,-13650000.0,6978000.0,-2388000.0,-1975000.0
Consolidated Income,15086000.0,-1488000.0,-4840000.0,4016000.0,2303000.0,-17047000.0,-14681000.0,-7062000.0,-8619000.0,-6664000.0
Earnings Before Tax Margin,0.0139,-0.0237,-0.0347,0.0192,0.016,-0.1301,-0.1453,-0.0104,-0.072,-0.065
Net Profit Margin,0.0144,0.0034,-0.0315,0.0206,0.0158,-0.1242,-0.1006,-0.054,-0.0543,-0.0413
