date,,2020-12-31_FY,2019-12-31_FY,2018-12-31_FY,2017-12-31_FY,2016-12-31_FY,2015-12-31_FY,2014-12-31_FY,2013-12-31_FY,2012-12-31_FY,2011-12-31_FY,2010-12-31_FY,2009-12-31_FY,2008-12-31_FY,2007-12-31_FY,2006-12-31_FY,2005-12-31_FY,2004-12-31_FY,2003-12-31_FY,2002-12-31_FY,2001-12-31_FY,2000-12-31_FY,1999-12-31_FY,1998-12-31_FY,1997-12-31_FY,1996-12-31_FY,1995-12-31_FY,1994-12-31_FY,1993-12-31_FY,1992-12-31_FY,1991-12-31_FY,1990-12-31_FY,1989-12-31_FY,1988-12-31_FY
,revenue,191712000.0,234088000.0,260622000.0,265082000.0,260930000.0,251790000.0,218363000.0,170068000.0,128738000.0,121320000.0,119758000.0,124140000.0,142188000.0,153255000.0,153249000.0,141623000.0,131895000.0,108400000.0,91223000.0,90973000.0,92327000.0,85273000.0,76755000.0,59244000.0,40513000.0,16716960.0,26406761.0,26900000.0,29900000.0,27900000.0,36800000.0,29800000.0,34300000.0
,costOfRevenue,63963000.0,71509000.0,73291000.0,74785000.0,74895000.0,73612000.0,62426000.0,46361000.0,35793000.0,36395000.0,36593000.0,37877000.0,0.0,0.0,0.0,0.0,0.0,0.0,0.0,0.0,0.0,0.0,0.0,0.0,0.0,0.0,0.0,0.0,0.0,0.0,0.0,0.0,0.0
,grossProfit,127749000.0,162579000.0,187331000.0,190297000.0,186035000.0,178178000.0,155937000.0,123707000.0,92945000.0,84925000.0,83165000.0,86263000.0,142188000.0,0.0,0.0,0.0,0.0,0.0,0.0,0.0,0.0,0.0,0.0,0.0,0.0,0.0,0.0,0.0,0.0,0.0,0.0,0.0,0.0
,grossProfitRatio,0.666358913370055,0.694520863948601,0.718784292960686,0.717879750416852,0.712968995516039,0.707645259938838,0.714118234316253,0.727397276383564,0.721970203048051,0.700008242664029,0.694442124951987,0.694884807475431,1.0,0.0,0.0,0.0,0.0,0.0,0.0,0.0,0.0,0.0,0.0,0.0,0.0,0.0,0.0,0.0,0.0,0.0,0.0,0.0,0.0
,,,,,,,,,,,,,,,,,,,,,,,,,,,,,,,,,,,,,,,,,,,,,,,,,,,,,,,,,,,,,,,,,,,,,,,,,,,,,,,,,,,,,,,,,,,,,,,,,,,,,
COST And EXPENSES,,,,,,,,,,,,,,,,,,,,,,,,,,,,,,,,,,,,,,,,,,,,,,,,,,,,,,,,,,,,,,,,,,,,,,,,,,,,,,,,,,,,,,,,,,,,,,,,,,,,,
,ResearchAndDevelopmentExpenses,0.0,0.0,0.0,0.0,0.0,0.0,0.0,0.0,0.0,0.0,0.0,0.0,0.0,0.0,0.0,0.0,0.0,0.0,0.0,0.0,0.0,0.0,0.0,0.0,0.0,0.0,0.0,0.0,0.0,0.0,0.0,0.0,0.0
,GeneralAndAdministrativeExpenses,25801000.0,29910000.0,33861000.0,26159000.0,22041000.0,20077000.0,21670000.0,22273000.0,19445000.0,0.0,0.0,0.0,0.0,14291000.0,13000000.0,13509000.0,11145000.0,8515000.0,8833000.0,8337000.0,5520000.0,5964000.0,5831000.0,4753000.0,4683000.0,2455374.0,2086318.0,3600000.0,3800000.0,3900000.0,4100000.0,3200000.0,0.0
,SellingAndMarketingExpenses,0.0,0.0,0.0,0.0,0.0,0.0,0.0,0.0,0.0,0.0,0.0,0.0,0.0,0.0,0.0,0.0,0.0,0.0,0.0,0.0,0.0,0.0,0.0,0.0,0.0,0.0,0.0,0.0,0.0,0.0,0.0,0.0,0.0
,otherExpenses,214000.0,-203000.0,-244000.0,-708000.0,-177000.0,-624000.0,-689000.0,-965000.0,-66000.0,0.0,0.0,0.0,0.0,0.0,0.0,0.0,0.0,0.0,0.0,0.0,0.0,0.0,0.0,0.0,0.0,0.0,0.0,0.0,0.0,0.0,0.0,0.0,0.0
,operatingExpenses,21915000.0,108557000.0,121188000.0,117494000.0,113834000.0,109516000.0,102852000.0,78578000.0,58924000.0,55905000.0,21533000.0,44314000.0,94978000.0,99800000.0,93672000.0,128651000.0,109530000.0,97120000.0,80749000.0,77670000.0,74563000.0,68315000.0,64342000.0,46388000.0,37846000.0,13178941.0,10764885.0,0.0,0.0,0.0,0.0,0.0,0.0
,costAndExpenses,166977000.0,180066000.0,194479000.0,192279000.0,188729000.0,183128000.0,165278000.0,124939000.0,94717000.0,92300000.0,58126000.0,82191000.0,94978000.0,99800000.0,93672000.0,128651000.0,109530000.0,97120000.0,80749000.0,77670000.0,74563000.0,68315000.0,64342000.0,46388000.0,37846000.0,13178941.0,10764885.0,-2700000.0,-2500000.0,-900000.0,-4800000.0,-400000.0,-39700000.0
,interestExpense,39317000.0,40057000.0,43439000.0,44866000.0,43071000.0,40778000.0,33742000.0,29075000.0,25895000.0,28138000.0,35362000.0,31088000.0,36518000.0,0.0,0.0,0.0,0.0,0.0,0.0,0.0,0.0,0.0,0.0,0.0,0.0,0.0,0.0,0.0,0.0,0.0,0.0,0.0,0.0
,,,,,,,,,,,,,,,,,,,,,,,,,,,,,,,,,,,,,,,,,,,,,,,,,,,,,,,,,,,,,,,,,,,,,,,,,,,,,,,,,,,,,,,,,,,,,,,,,,,,,
EBITDA,,,,,,,,,,,,,,,,,,,,,,,,,,,,,,,,,,,,,,,,,,,,,,,,,,,,,,,,,,,,,,,,,,,,,,,,,,,,,,,,,,,,,,,,,,,,,,,,,,,,,
,depreciationAndAmortization,77213000.0,78647000.0,87327000.0,91335000.0,91793000.0,89439000.0,81182000.0,56305000.0,39479000.0,36255000.0,31990000.0,30866000.0,32121000.0,36976000.0,32675000.0,30134000.0,27491000.0,22908000.0,17662000.0,17083000.0,15274000.0,13311000.0,12189000.0,8216000.0,4798000.0,1016147.0,749404.0,600000.0,600000.0,100000.0,0.0,0.0,0.0
,EBITDA,101948000.0,132669000.0,153470000.0,164138000.0,163994000.0,158101000.0,134267000.0,101434000.0,73500000.0,65275000.0,93622000.0,72815000.0,79331000.0,90431000.0,92252000.0,43106000.0,49856000.0,34188000.0,28136000.0,30386000.0,33038000.0,30269000.0,24602000.0,21072000.0,7465000.0,4554166.0,16391280.0,30200000.0,33000000.0,28900000.0,41600000.0,30200000.0,74000000.0
,EBITDARatio,0.531776831914539,0.566748402310242,0.588860495276684,0.619197078639817,0.628498064615031,0.627908177449462,0.61487981022426,0.596432015429122,0.570926999021268,0.5380398944939,0.781759882429566,0.586555501852747,0.557930345739444,0.59006883951584,0.601974564271219,0.304371465086886,0.377997649645551,0.315387453874539,0.30843098779913,0.334011190133336,0.357836819131998,0.354965815674364,0.320526350074914,0.355681588008912,0.184261841877916,0.27242788162441,0.62072285199991,1.12267657992565,1.10367892976589,1.03584229390681,1.1304347826087,1.01342281879195,2.15743440233236
,,,,,,,,,,,,,,,,,,,,,,,,,,,,,,,,,,,,,,,,,,,,,,,,,,,,,,,,,,,,,,,,,,,,,,,,,,,,,,,,,,,,,,,,,,,,,,,,,,,,,
INCOME,,,,,,,,,,,,,,,,,,,,,,,,,,,,,,,,,,,,,,,,,,,,,,,,,,,,,,,,,,,,,,,,,,,,,,,,,,,,,,,,,,,,,,,,,,,,,,,,,,,,,
,operatingIncome,24735000.0,54022000.0,66143000.0,72803000.0,72201000.0,68662000.0,53085000.0,45129000.0,34021000.0,29020000.0,61632000.0,41949000.0,47210000.0,53455000.0,59577000.0,12972000.0,22365000.0,11280000.0,10474000.0,13303000.0,17764000.0,16958000.0,12413000.0,12856000.0,2667000.0,3538019.0,15641876.0,29600000.0,32400000.0,28800000.0,41600000.0,30200000.0,74000000.0
,operatingIncomeRatio,0.129021657486229,0.23077646013465,0.253789012439472,0.27464331791672,0.276706396351512,0.272695500218436,0.243104372077687,0.26535856245737,0.264265407261259,0.239202110121991,0.514637853003557,0.337916868052199,0.332025206065209,0.348797755375029,0.388759469882348,0.0915952917252141,0.169566700784715,0.104059040590406,0.114817535051467,0.146230200169281,0.192403089020547,0.198867167802235,0.16172236336395,0.217000877726014,0.0658307210031348,0.21164248762933,0.592343604730622,1.1003717472119,1.08361204013378,1.03225806451613,1.1304347826087,1.01342281879195,2.15743440233236
,totalOtherIncomeExpensesNet,4083000.0,79900000.0,-4470000.0,42925000.0,33724000.0,40783000.0,-20255000.0,-6172000.0,1944000.0,-37395000.0,-19148000.0,1959000.0,16998000.0,32643000.0,23388000.0,1136000.0,-2367000.0,3169000.0,0.0,0.0,3795000.0,1000000.0,0.0,0.0,0.0,0.0,0.0,0.0,0.0,0.0,0.0,0.0,0.0
,incomeBeforeTax,-10499000.0,93865000.0,18234000.0,70862000.0,61411000.0,67234000.0,-2358000.0,8435000.0,8621000.0,-36513000.0,0.0,0.0,0.0,0.0,0.0,0.0,0.0,0.0,0.0,0.0,0.0,0.0,0.0,0.0,0.0,0.0,0.0,0.0,0.0,0.0,0.0,0.0,0.0
,incomeBeforeTaxRatio,-0.0547644383241529,0.400981682102457,0.0699633952621037,0.267321055371545,0.235354309584946,0.26702410739108,-0.0107985327184551,0.0495978079356493,0.0669654647423449,-0.300964391691395,0.0,0.0,0.0,0.0,0.0,0.0,0.0,0.0,0.0,0.0,0.0,0.0,0.0,0.0,0.0,0.0,0.0,0.0,0.0,0.0,0.0,0.0,0.0
,incomeTaxExpense,-25000.0,179000.0,198000.0,143000.0,299000.0,339000.0,54000.0,64000.0,-34000.0,795000.0,0.0,0.0,0.0,0.0,0.0,0.0,0.0,0.0,0.0,0.0,0.0,0.0,0.0,0.0,0.0,0.0,0.0,0.0,0.0,0.0,0.0,0.0,0.0
,netIncome,-10233000.0,91511000.0,17619000.0,69060000.0,59664000.0,65109000.0,-2364000.0,10997000.0,7204000.0,-26758000.0,-20148000.0,13720000.0,23501000.0,38675000.0,35624000.0,18493000.0,15120000.0,11093000.0,11006000.0,13863000.0,11756000.0,11839000.0,8658000.0,9198000.0,292000.0,3538019.0,15641876.0,3100000.0,8800000.0,12800000.0,23800000.0,23700000.0,-5400000.0
,netIncomeRatio,-0.0533769404106159,0.390925634804005,0.0676036558694201,0.260523158871594,0.228659027325336,0.258584534731324,-0.0108260099009448,0.0646623703459793,0.0559586136183567,-0.220557204088361,-0.168239282553149,0.110520380215885,0.165281177033224,0.252357182473655,0.232458286840371,0.130579072608263,0.114636642784033,0.102333948339483,0.120649397629984,0.15238587273147,0.127330033468,0.138836442953807,0.112800469024819,0.155256228478833,0.0072075630044677,0.21164248762933,0.592343604730622,0.115241635687732,0.294314381270903,0.458781362007168,0.646739130434783,0.795302013422819,-0.157434402332362
,,,,,,,,,,,,,,,,,,,,,,,,,,,,,,,,,,,,,,,,,,,,,,,,,,,,,,,,,,,,,,,,,,,,,,,,,,,,,,,,,,,,,,,,,,,,,,,,,,,,,
EPS,,,,,,,,,,,,,,,,,,,,,,,,,,,,,,,,,,,,,,,,,,,,,,,,,,,,,,,,,,,,,,,,,,,,,,,,,,,,,,,,,,,,,,,,,,,,,,,,,,,,,
,EPS,-0.128229868925591,1.06,0.221366468991858,0.870387174833636,0.752991064667575,0.825753348214286,-0.14,0.185334366994742,0.163352304936396,-0.84,-0.574901557952405,0.443912,1.27238765565782,1.92,1.74,1.09835481380293,0.61,0.794912217843067,1.17,1.48,1.63595880879488,1.17,0.99,1.29130984135898,0.0409939632177453,0.48,2.2,0.43,1.28,1.76,3.36,3.36,-0.8
,EPSDiluted,-0.128229868925591,1.04,0.219995504944561,0.868351565447001,0.751104676779757,0.823799582463466,-0.14,0.184118001607286,0.161942227717208,-0.84,-0.571996366114013,0.443912,1.09833154180493,1.91,1.73,1.09555687203791,0.6,0.784456544798812,1.16,1.47,1.63573118129957,1.17,0.98,1.28679350867375,0.0399578964192798,0.48,2.2,0.43,1.28,1.76,3.36,3.36,-0.8
,weightedAverageShsOut,79998000.0,79802000.0,79592000.0,79344000.0,79236000.0,78848000.0,72118000.0,59336000.0,44101000.0,38466000.0,35046000.0,19292000.0,18470000.0,17851000.0,16665000.0,16837000.0,16816000.0,13955000.0,10529000.0,7105000.0,7186000.0,7218000.0,7133000.0,7123000.0,7123000.0,7370873.0,7109944.0,7209302.0,6875000.0,7272727.0,7083333.0,7053571.0,6750000.0
,weightedAverageShsOutDil,79998000.0,87722000.0,80088000.0,79530000.0,79435000.0,79035000.0,72118000.0,59728000.0,44485000.0,38466000.0,35224000.0,19292000.0,21397000.0,18529000.0,16718000.0,16880000.0,17031000.0,14141000.0,10628000.0,7125000.0,7187000.0,7218000.0,7165000.0,7148000.0,7307692.0,7370873.0,7109944.0,7209302.0,6875000.0,7272727.0,7083333.0,7053571.0,6750000.0
