date,,2020-12-31_FY,2019-12-31_FY,2018-12-31_FY,2017-12-31_FY,2016-12-31_FY,2015-12-31_FY,2014-12-31_FY,2013-12-31_FY,2012-12-31_FY,2011-12-31_FY,2010-12-31_FY,2009-12-31_FY,2008-12-31_FY,2007-12-31_FY,2006-12-31_FY,2005-12-31_FY,2004-12-31_FY,2003-12-31_FY,2002-12-31_FY,2001-12-31_FY,2000-12-31_FY,1999-12-31_FY,1998-12-31_FY,1997-12-31_FY,1996-12-31_FY
,revenue,8811900000.0,10973800000.0,11534500000.0,9721000000.0,8613400000.0,9350500000.0,10451600000.0,9223800000.0,8442300000.0,8134700000.0,6312795000.0,5318132000.0,8718844000.0,7265610000.0,5748376000.0,3370722000.0,2947202000.0,1882933000.0,1748271000.0,1656974000.0,1726665000.0,1511100000.0,1352800000.0,961500000.0,654000000.0
,costOfRevenue,6264100000.0,7863700000.0,8468200000.0,7151600000.0,6245100000.0,7022100000.0,8044400000.0,7018600000.0,6386900000.0,6148700000.0,4727887000.0,3918611000.0,6556748000.0,5418161000.0,4231386000.0,2449000000.0,2110848000.0,1372310000.0,1268251000.0,1194512000.0,1256997000.0,1097400000.0,1024200000.0,737500000.0,492200000.0
,grossProfit,2547800000.0,3110100000.0,3066300000.0,2569400000.0,2368300000.0,2328400000.0,2407200000.0,2205200000.0,2055400000.0,1986000000.0,1584908000.0,1399521000.0,2162096000.0,1847449000.0,1516990000.0,921722000.0,836354000.0,510623000.0,480020000.0,462462000.0,469668000.0,413700000.0,328600000.0,224000000.0,161800000.0
,grossProfitRatio,0.289131742303022,0.283411398057191,0.265837270796307,0.264314370949491,0.274955302203543,0.249013421742153,0.23031880286272,0.239077169929964,0.243464458737548,0.244139304461136,0.251062801817578,0.263160260031154,0.247979663359042,0.2542730754885,0.263898882049469,0.273449427155369,0.283778987663553,0.271184901427719,0.274568416452598,0.279100335913539,0.272008756765209,0.273774071868175,0.242903607332939,0.232969318772751,0.247400611620795
,,,,,,,,,,,,,,,,,,,,,,,,,,,,,,,,,,,,,,,,,,,,,,,,,,,,,,,,,,,,,,,,,,,,,,,,,,,,,,,,,,,,,,,,,,,,,,,,,,,,,
COST And EXPENSES,,,,,,,,,,,,,,,,,,,,,,,,,,,,,,,,,,,,,,,,,,,,,,,,,,,,,,,,,,,,,,,,,,,,,,,,,,,,,,,,,,,,,,,,,,,,,,,,,,,,,
,ResearchAndDevelopmentExpenses,0.0,0.0,0.0,0.0,0.0,0.0,0.0,0.0,0.0,0.0,0.0,0.0,0.0,0.0,0.0,0.0,0.0,0.0,0.0,0.0,0.0,0.0,0.0,0.0,0.0
,GeneralAndAdministrativeExpenses,1887400000.0,2108200000.0,2103900000.0,1914300000.0,1814200000.0,1738600000.0,1799000000.0,1646900000.0,1404000000.0,1280100000.0,1103584000.0,1030245000.0,1211201000.0,1034139000.0,821386000.0,507905000.0,483887000.0,395927000.0,379288000.0,347310000.0,318638000.0,278600000.0,220200000.0,151400000.0,109600000.0
,SellingAndMarketingExpenses,0.0,0.0,0.0,0.0,0.0,0.0,0.0,0.0,0.0,0.0,0.0,0.0,0.0,0.0,0.0,0.0,0.0,0.0,0.0,0.0,0.0,0.0,0.0,0.0,0.0
,otherExpenses,-8900000.0,17300000.0,13500000.0,11800000.0,9900000.0,7600000.0,3100000.0,11400000.0,8200000.0,0.0,0.0,0.0,0.0,0.0,0.0,0.0,0.0,0.0,0.0,0.0,0.0,0.0,0.0,0.0,0.0
,operatingExpenses,1887400000.0,2108200000.0,2103900000.0,1914300000.0,1814200000.0,1738600000.0,1799000000.0,1646900000.0,1404000000.0,1413200000.0,1224187000.0,1149129000.0,1309125000.0,1114012000.0,883860000.0,554536000.0,528514000.0,432797000.0,407834000.0,379647000.0,346730000.0,304200000.0,239600000.0,164600000.0,118100000.0
,costAndExpenses,8151500000.0,9971900000.0,10572100000.0,9065900000.0,8059300000.0,8760700000.0,9843400000.0,8665500000.0,7790900000.0,7561900000.0,5952074000.0,5067740000.0,7865873000.0,6532173000.0,5115246000.0,3003536000.0,2639362000.0,1805107000.0,1676085000.0,1574159000.0,1603727000.0,1401600000.0,1263800000.0,902100000.0,610300000.0
,interestExpense,142300000.0,158900000.0,156300000.0,140400000.0,146700000.0,141700000.0,134400000.0,125300000.0,102600000.0,59800000.0,61175000.0,67523000.0,82575000.0,0.0,0.0,0.0,0.0,0.0,0.0,0.0,0.0,0.0,0.0,0.0,0.0
,,,,,,,,,,,,,,,,,,,,,,,,,,,,,,,,,,,,,,,,,,,,,,,,,,,,,,,,,,,,,,,,,,,,,,,,,,,,,,,,,,,,,,,,,,,,,,,,,,,,,
EBITDA,,,,,,,,,,,,,,,,,,,,,,,,,,,,,,,,,,,,,,,,,,,,,,,,,,,,,,,,,,,,,,,,,,,,,,,,,,,,,,,,,,,,,,,,,,,,,,,,,,,,,
,depreciationAndAmortization,227300000.0,219300000.0,215200000.0,218400000.0,222000000.0,218500000.0,213800000.0,192400000.0,151500000.0,133100000.0,120603000.0,118884000.0,97924000.0,79873000.0,62474000.0,46631000.0,44627000.0,36870000.0,28546000.0,32337000.0,28092000.0,25600000.0,19400000.0,13200000.0,8500000.0
,EBITDA,887700000.0,1221200000.0,1177600000.0,873500000.0,776100000.0,808300000.0,822000000.0,750700000.0,802900000.0,705900000.0,481324000.0,369276000.0,950895000.0,813310000.0,695604000.0,413817000.0,352467000.0,114696000.0,100732000.0,115152000.0,151030000.0,135100000.0,108400000.0,72600000.0,52200000.0
,EBITDARatio,0.100738773703742,0.111283238258397,0.10209371884347,0.0898570105956177,0.0901037917663176,0.0864445751564087,0.0786482452447472,0.0813872807302847,0.0951044146737264,0.0867764023258387,0.0762457833653714,0.0694371632746235,0.10906204996901,0.111939671961473,0.121008785785759,0.122768059780664,0.119593770633978,0.0609134791306966,0.0576180695098186,0.0694953571993284,0.0874691963988382,0.0894050691549203,0.0801301005322295,0.0755070202808112,0.0798165137614679
,,,,,,,,,,,,,,,,,,,,,,,,,,,,,,,,,,,,,,,,,,,,,,,,,,,,,,,,,,,,,,,,,,,,,,,,,,,,,,,,,,,,,,,,,,,,,,,,,,,,,
INCOME,,,,,,,,,,,,,,,,,,,,,,,,,,,,,,,,,,,,,,,,,,,,,,,,,,,,,,,,,,,,,,,,,,,,,,,,,,,,,,,,,,,,,,,,,,,,,,,,,,,,,
,operatingIncome,660400000.0,1001900000.0,962400000.0,655100000.0,554100000.0,589800000.0,608200000.0,558300000.0,651400000.0,572800000.0,360721000.0,250392000.0,852971000.0,733437000.0,633130000.0,367186000.0,307840000.0,77826000.0,72186000.0,82815000.0,122938000.0,109500000.0,89000000.0,59400000.0,43700000.0
,operatingIncomeRatio,0.0749441096698782,0.0912992764584738,0.0834366465819932,0.0673901861948359,0.0643299974458402,0.0630768408106518,0.0581920471506755,0.0605281987900865,0.0771590680264857,0.0704143975807344,0.0571412504286928,0.0470826974584309,0.0978307445344819,0.100946376147357,0.110140672774363,0.108933931662119,0.104451612071382,0.041332325685513,0.0412899373152103,0.0499796617207029,0.0711996826251763,0.072463768115942,0.0657894736842105,0.0617784711388456,0.0668195718654434
,totalOtherIncomeExpensesNet,-39900000.0,86300000.0,44500000.0,69100000.0,20800000.0,9600000.0,71100000.0,44300000.0,59200000.0,-1400000.0,-3118000.0,12624000.0,-4698000.0,9931000.0,5768000.0,3671000.0,4168000.0,2837000.0,3529000.0,4082000.0,5717000.0,10200000.0,8900000.0,9400000.0,9800000.0
,incomeBeforeTax,478200000.0,929300000.0,850600000.0,583800000.0,429200000.0,458700000.0,546300000.0,478300000.0,609400000.0,511600000.0,296428000.0,195493000.0,765698000.0,654393000.0,571132000.0,333212000.0,269968000.0,54856000.0,49720000.0,60159000.0,102587000.0,96400000.0,80300000.0,58000000.0,49600000.0
,incomeBeforeTaxRatio,0.0542675245974194,0.0846835189268986,0.0737439854349994,0.0600555498405514,0.0498293356862563,0.0490562002031977,0.0522695089747024,0.0518549838461372,0.072184120441112,0.0628910715822341,0.0469566966771454,0.0367597118687539,0.0878210460010524,0.0900671794935319,0.0993553657589552,0.0988547854139262,0.0916014579251778,0.029133272400027,0.0284395268239306,0.0363065443392594,0.0594133778121407,0.0637945867249024,0.0593583678296866,0.0603224128965159,0.0758409785932722
,incomeTaxExpense,105800000.0,223200000.0,208800000.0,-37200000.0,120100000.0,142500000.0,170000000.0,153600000.0,201100000.0,162400000.0,98579000.0,46317000.0,282921000.0,246438000.0,216625000.0,127775000.0,100240000.0,20846000.0,19553000.0,23823000.0,40268000.0,38800000.0,32600000.0,23800000.0,19800000.0
,netIncome,369100000.0,701500000.0,633700000.0,613400000.0,304300000.0,311500000.0,371500000.0,321600000.0,403500000.0,343800000.0,194353000.0,148158000.0,482777000.0,407955000.0,354507000.0,205437000.0,169728000.0,34010000.0,30167000.0,36336000.0,62319000.0,57600000.0,47700000.0,34200000.0,29800000.0
,netIncomeRatio,0.0418865397927802,0.0639249849641874,0.0549395292383718,0.063100504063368,0.0353286739266724,0.0333137265386878,0.0355447969688851,0.0348663240746764,0.0477950321594826,0.0422633901680455,0.0307871552933368,0.0278590302008299,0.0553716754193561,0.0561487610813132,0.0616708092859618,0.0609474765347009,0.0575895374663834,0.0180622465058502,0.0172553339842622,0.0219291310545609,0.0360921197800384,0.038117927337701,0.0352602010644589,0.0355694227769111,0.045565749235474
,,,,,,,,,,,,,,,,,,,,,,,,,,,,,,,,,,,,,,,,,,,,,,,,,,,,,,,,,,,,,,,,,,,,,,,,,,,,,,,,,,,,,,,,,,,,,,,,,,,,,
EPS,,,,,,,,,,,,,,,,,,,,,,,,,,,,,,,,,,,,,,,,,,,,,,,,,,,,,,,,,,,,,,,,,,,,,,,,,,,,,,,,,,,,,,,,,,,,,,,,,,,,,
,EPS,5.74,10.49,8.85,8.42,4.21,4.2,4.78,4.19,5.36,4.6,2.62,2.02,6.6,5.39,4.85,3.12,2.615,0.533861311339189,0.476012982040265,0.641171647310704,1.145,1.04,0.846667,0.723333,0.95025731405561
,EPSDiluted,5.66,10.34,8.75,8.34,4.16,4.16,4.73,4.14,5.33,4.58,2.61,2.01,6.56,5.36,4.82,3.105,2.595,0.533635277908027,0.474341784144629,0.638149450892208,1.14,1.035,0.843333,0.716667,0.639513276317077
,weightedAverageShsOut,63758000.0,66885000.0,71604520.0,72850356.0,72280285.0,74166667.0,77719665.0,76754177.0,75279851.0,74739130.0,74230452.0,73445583.0,73102215.0,75622799.0,73134102.0,65870000.0,64960202.0,63705684.0,63374322.0,56671252.0,54430174.0,55496614.0,56305101.0,47208723.0,31359927.0
,weightedAverageShsOutDil,63758000.0,67855000.0,72441000.0,73539424.0,73120918.0,74902064.0,78615939.0,77646192.0,75694212.0,75041753.0,74472380.0,73701979.0,73597717.0,76064616.0,73599681.0,66194000.0,65350758.0,63732668.0,63597602.0,56939640.0,54578222.0,55783766.0,56610375.0,47624052.0,46597938.0
