date,,2019-12-31_FY,2018-12-31_FY,2017-12-31_FY,2016-12-31_FY,2015-12-31_FY,2014-12-31_FY,2013-12-31_FY,2012-12-31_FY,2011-12-31_FY,2010-12-31_FY,2009-12-31_FY,2008-12-31_FY,2007-12-31_FY,2006-12-31_FY,2005-12-31_FY,2004-12-31_FY,2003-12-31_FY,2002-12-31_FY,2001-12-31_FY,2000-12-31_FY,1999-12-31_FY,1998-12-31_FY
,revenue,29176000000.0,27058000000.0,25348000000.0,24124000000.0,23321000000.0,22826000000.0,23706000000.0,24414000000.0,24857000000.0,25183000000.0,24881000000.0,23174000000.0,21301000000.0,20291000000.0,21894000000.0,20245000000.0,18109000000.0,16760000000.0,16867000000.0,16895000000.0,19841000000.0,19530000000.0
,costOfRevenue,21413000000.0,19573000000.0,18340000000.0,17507000000.0,17608000000.0,17295000000.0,18532000000.0,19092000000.0,19697000000.0,20303000000.0,19747000000.0,18513000000.0,17037000000.0,16565000000.0,18230000000.0,16933000000.0,15000000000.0,13358000000.0,14401000000.0,13530000000.0,16256000000.0,15248000000.0
,grossProfit,7763000000.0,7485000000.0,7008000000.0,6617000000.0,5713000000.0,5531000000.0,5174000000.0,5322000000.0,5160000000.0,4880000000.0,5134000000.0,4661000000.0,4264000000.0,3726000000.0,3664000000.0,3312000000.0,3109000000.0,3402000000.0,2466000000.0,3365000000.0,3585000000.0,4282000000.0
,grossProfitRatio,0.266074856046065,0.276627984329958,0.276471516490453,0.274291162327972,0.244972342523905,0.242311399281521,0.218256981354931,0.217989678053576,0.207587399927586,0.193781519278879,0.206342188818777,0.201130577371192,0.200178395380499,0.183628209551032,0.167351785877409,0.163595949617189,0.171682588768016,0.202983293556086,0.146202644216517,0.199171352471145,0.18068645733582,0.219252432155658
,,,,,,,,,,,,,,,,,,,,,,,,,,,,,,,,,,,,,,,,,,,,,,,,,,,,,,,,,,,,,,,,,,,,,,,,,,,,,,,,,,,,,,,,,,,,,,,,,,,,,
COST And EXPENSES,,,,,,,,,,,,,,,,,,,,,,,,,,,,,,,,,,,,,,,,,,,,,,,,,,,,,,,,,,,,,,,,,,,,,,,,,,,,,,,,,,,,,,,,,,,,,,,,,,,,,
,ResearchAndDevelopmentExpenses,732000000.0,841000000.0,700000000.0,725000000.0,706000000.0,500000000.0,465000000.0,704000000.0,625000000.0,625000000.0,565000000.0,517000000.0,502000000.0,464000000.0,503000000.0,491000000.0,487000000.0,449000000.0,475000000.0,526000000.0,508000000.0,582000000.0
,GeneralAndAdministrativeExpenses,2257000000.0,2106000000.0,2077000000.0,1996000000.0,1940000000.0,1852000000.0,1771000000.0,0.0,0.0,0.0,0.0,0.0,0.0,0.0,0.0,0.0,0.0,0.0,1232000000.0,1214000000.0,1550000000.0,1664000000.0
,SellingAndMarketingExpenses,0.0,0.0,0.0,0.0,0.0,0.0,0.0,1629000000.0,1678000000.0,1648000000.0,1527000000.0,1548000000.0,1434000000.0,1422000000.0,1474000000.0,1433000000.0,1306000000.0,1199000000.0,0.0,0.0,0.0,0.0
,otherExpenses,21413000000.0,389000000.0,-734000000.0,-755000000.0,-706000000.0,-500000000.0,-465000000.0,19092000000.0,12000000.0,20303000000.0,19747000000.0,18513000000.0,17037000000.0,16565000000.0,-13000000.0,16933000000.0,15000000000.0,13358000000.0,0.0,0.0,0.0,0.0
,operatingExpenses,2989000000.0,2947000000.0,2777000000.0,2721000000.0,2646000000.0,2352000000.0,2236000000.0,2333000000.0,2303000000.0,2273000000.0,2092000000.0,2065000000.0,1936000000.0,1862000000.0,1987000000.0,2056000000.0,1870000000.0,1794000000.0,1707000000.0,1740000000.0,2058000000.0,2246000000.0
,costAndExpenses,45815000000.0,22520000000.0,22030000000.0,20829000000.0,20234000000.0,19647000000.0,20768000000.0,21425000000.0,22000000000.0,22576000000.0,41586000000.0,39091000000.0,36010000000.0,35016000000.0,18477000000.0,35790000000.0,31793000000.0,28364000000.0,0.0,0.0,0.0,0.0
,interestExpense,-180000000.0,184000000.0,205000000.0,232000000.0,233000000.0,213000000.0,210000000.0,201000000.0,172000000.0,126000000.0,-123000000.0,-129000000.0,-196000000.0,-273000000.0,-312000000.0,-418000000.0,-537000000.0,-497000000.0,0.0,0.0,0.0,0.0
,,,,,,,,,,,,,,,,,,,,,,,,,,,,,,,,,,,,,,,,,,,,,,,,,,,,,,,,,,,,,,,,,,,,,,,,,,,,,,,,,,,,,,,,,,,,,,,,,,,,,
EBITDA,,,,,,,,,,,,,,,,,,,,,,,,,,,,,,,,,,,,,,,,,,,,,,,,,,,,,,,,,,,,,,,,,,,,,,,,,,,,,,,,,,,,,,,,,,,,,,,,,,,,,
,depreciationAndAmortization,605000000.0,568000000.0,550000000.0,515000000.0,489000000.0,439000000.0,445000000.0,455000000.0,447000000.0,420000000.0,402000000.0,390000000.0,372000000.0,373000000.0,444000000.0,434000000.0,393000000.0,364000000.0,729000000.0,694000000.0,724000000.0,761000000.0
,EBITDA,5379000000.0,5106000000.0,4781000000.0,4411000000.0,3556000000.0,3618000000.0,3383000000.0,3444000000.0,3304000000.0,3027000000.0,3444000000.0,2986000000.0,2700000000.0,2237000000.0,2121000000.0,1690000000.0,1632000000.0,1972000000.0,1488000000.0,2319000000.0,2251000000.0,2797000000.0
,EBITDARatio,0.184363860707431,0.188705743218272,0.188614486350008,0.182846957386835,0.152480596886926,0.158503460965566,0.142706487808994,0.141066601130499,0.132920304139679,0.120200135011714,0.138418873839476,0.128851298869423,0.126754612459509,0.110245921837268,0.0968758563990134,0.0834774018276117,0.0901209343420399,0.117661097852029,0.0882196004031541,0.137259544243859,0.113451942946424,0.143215565796211
,,,,,,,,,,,,,,,,,,,,,,,,,,,,,,,,,,,,,,,,,,,,,,,,,,,,,,,,,,,,,,,,,,,,,,,,,,,,,,,,,,,,,,,,,,,,,,,,,,,,,
INCOME,,,,,,,,,,,,,,,,,,,,,,,,,,,,,,,,,,,,,,,,,,,,,,,,,,,,,,,,,,,,,,,,,,,,,,,,,,,,,,,,,,,,,,,,,,,,,,,,,,,,,
,operatingIncome,4774000000.0,4538000000.0,4231000000.0,3896000000.0,3067000000.0,3179000000.0,2938000000.0,2989000000.0,2857000000.0,2607000000.0,3042000000.0,2596000000.0,2328000000.0,1864000000.0,1677000000.0,1256000000.0,1239000000.0,1608000000.0,759000000.0,1625000000.0,1527000000.0,2036000000.0
,operatingIncomeRatio,0.16362763915547,0.167713799985217,0.166916522013571,0.161498922235119,0.131512370824579,0.139271006746692,0.123934868809584,0.122429753420169,0.114937442169208,0.10352221736886,0.122261966962743,0.112022093725727,0.109290643631754,0.0918633877088364,0.0765963277610304,0.0620400098789825,0.0684190181677619,0.0959427207637231,0.0449991106895121,0.096182302456348,0.0769618466811149,0.104249871991807
,totalOtherIncomeExpensesNet,-650000000.0,-1238000000.0,-934000000.0,-595000000.0,-4000000.0,7000000.0,17000000.0,-18000000.0,-12000000.0,-65000000.0,-3000000.0,-33000000.0,-70000000.0,24000000.0,-22000000.0,-318000000.0,-51000000.0,-42000000.0,-29000000.0,-20000000.0,14000000.0,1000000.0
,incomeBeforeTax,3986000000.0,3147000000.0,3113000000.0,3085000000.0,2841000000.0,2983000000.0,2757000000.0,2779000000.0,2690000000.0,2432000000.0,2930000000.0,2498000000.0,2225000000.0,1688000000.0,1440000000.0,579000000.0,762000000.0,1074000000.0,117000000.0,877000000.0,828000000.0,1467000000.0
,incomeBeforeTaxRatio,0.136619139018371,0.116305713652155,0.122810478144232,0.127880948433096,0.121821534239527,0.13068430736879,0.116299670969375,0.113828131400016,0.108219012752947,0.0965730850176706,0.117760540171215,0.107793216535773,0.104455189897188,0.0831895914444828,0.0657714442312962,0.0285996542356137,0.0420785244905848,0.0640811455847255,0.00693662180589316,0.051908848771826,0.0417317675520387,0.0751152073732719
,incomeTaxExpense,0.0,264000000.0,1114000000.0,857000000.0,733000000.0,790000000.0,808000000.0,878000000.0,793000000.0,589000000.0,0.0,0.0,0.0,0.0,0.0,0.0,0.0,0.0,0.0,0.0,0.0,0.0
,netIncome,3343000000.0,2909000000.0,2024000000.0,2244000000.0,2110000000.0,2244000000.0,1996000000.0,1888000000.0,1866000000.0,1840000000.0,1935000000.0,1672000000.0,2578000000.0,1283000000.0,871000000.0,417000000.0,365000000.0,-641000000.0,-763000000.0,141000000.0,404000000.0,864000000.0
,netIncomeRatio,0.114580477104469,0.107509793776332,0.0798485087580874,0.093019399767866,0.0904763946657519,0.0983089459388417,0.0841980933097106,0.0773326779716556,0.0750693969505572,0.0730651630067903,0.0777701860857683,0.072149823077587,0.12102718182245,0.0632300034498053,0.0397825888371243,0.0205976784391208,0.0201557236733116,-0.0382458233890215,-0.0452362601529614,0.00834566439775081,0.0203618769215261,0.0442396313364055
,,,,,,,,,,,,,,,,,,,,,,,,,,,,,,,,,,,,,,,,,,,,,,,,,,,,,,,,,,,,,,,,,,,,,,,,,,,,,,,,,,,,,,,,,,,,,,,,,,,,,
EPS,,,,,,,,,,,,,,,,,,,,,,,,,,,,,,,,,,,,,,,,,,,,,,,,,,,,,,,,,,,,,,,,,,,,,,,,,,,,,,,,,,,,,,,,,,,,,,,,,,,,,
,EPS,11.93076,10.14296,6.94578,7.56065,6.9135,7.16933,6.16049,5.65269,5.27119,4.88064,4.88636,3.9434,5.78027,2.84479,1.92274,0.94344,0.87952,-1.57108,-2.11357,0.41349,1.18475,2.52632
,EPSDiluted,11.93076,10.14296,6.94578,7.56065,6.9135,7.16933,6.16049,5.65269,5.27119,4.88064,4.88636,3.9434,5.78027,2.84479,1.92274,0.94344,0.87952,-1.57108,-2.11357,0.41349,1.18475,2.52632
,weightedAverageShsOut,280200000.0,286800000.0,291400000.0,296800000.0,305200000.0,313000000.0,324000000.0,334000000.0,354000000.0,377000000.0,396000000.0,424000000.0,446000000.0,451000000.0,453000000.0,442000000.0,415000000.0,408000000.0,361000000.0,341000000.0,341000000.0,342000000.0
,weightedAverageShsOutDil,280200000.0,286800000.0,291400000.0,296800000.0,305200000.0,313000000.0,324000000.0,334000000.0,354000000.0,377000000.0,396000000.0,424000000.0,446000000.0,451000000.0,453000000.0,442000000.0,415000000.0,408000000.0,361000000.0,341000000.0,341000000.0,342000000.0
