date,,2020-12-31_FY,2019-12-31_FY,2018-12-31_FY,2017-12-31_FY,2016-12-31_FY,2015-12-31_FY,2014-12-31_FY,2013-12-31_FY,2012-12-31_FY,2011-12-31_FY,2010-12-31_FY,2009-12-31_FY,2008-12-31_FY,2007-12-31_FY
,revenue,3466600000.0,4501600000.0,4408400000.0,3364700000.0,2859700000.0,3167200000.0,3622200000.0,3460300000.0,4024700000.0,4729800000.0,3895500000.0,3066100000.0,5309800000.0,6001900000.0
,costOfRevenue,2845500000.0,3673700000.0,3650300000.0,2782200000.0,2289100000.0,2599500000.0,3028400000.0,2843700000.0,3315100000.0,4071000000.0,3355700000.0,2610000000.0,4596900000.0,5136200000.0
,grossProfit,621100000.0,827900000.0,758100000.0,582500000.0,570600000.0,567700000.0,593800000.0,616600000.0,709600000.0,658800000.0,539800000.0,456100000.0,712900000.0,865700000.0
,grossProfitRatio,0.179166907055905,0.183912386706949,0.171967153615824,0.173120932029601,0.199531419379655,0.179243495832281,0.163933521064546,0.178192642256452,0.176311277859219,0.139287073449194,0.138570145039148,0.148755748344803,0.134261177445478,0.144237658074943
,,,,,,,,,,,,,,,,,,,,,,,,,,,,,,,,,,,,,,,,,,,,,,,,,,,,,,,,,,,,,,,,,,,,,,,,,,,,,,,,,,,,,,,,,,,,,,,,,,,,,
COST And EXPENSES,,,,,,,,,,,,,,,,,,,,,,,,,,,,,,,,,,,,,,,,,,,,,,,,,,,,,,,,,,,,,,,,,,,,,,,,,,,,,,,,,,,,,,,,,,,,,,,,,,,,,
,ResearchAndDevelopmentExpenses,0.0,0.0,0.0,0.0,0.0,0.0,0.0,0.0,0.0,0.0,0.0,0.0,0.0,0.0
,GeneralAndAdministrativeExpenses,554000000.0,0.0,0.0,0.0,0.0,0.0,0.0,0.0,0.0,0.0,0.0,-481800000.0,0.0,0.0
,SellingAndMarketingExpenses,0.0,0.0,0.0,0.0,0.0,0.0,0.0,0.0,0.0,0.0,0.0,0.0,0.0,0.0
,otherExpenses,5300000.0,-2400000.0,76700000.0,-2300000.0,-17200000.0,-10400000.0,-5900000.0,-200000.0,-33500000.0,0.0,0.0,0.0,0.0,0.0
,operatingExpenses,554300000.0,636800000.0,614700000.0,472500000.0,436400000.0,450800000.0,509200000.0,0.0,0.0,539700000.0,506900000.0,0.0,0.0,0.0
,costAndExpenses,3399800000.0,4310500000.0,4265000000.0,3254700000.0,2725500000.0,3050300000.0,3537600000.0,3323800000.0,3824000000.0,4610700000.0,3862600000.0,2131500000.0,5183000000.0,5825400000.0
,interestExpense,76400000.0,93200000.0,99200000.0,91000000.0,89900000.0,96300000.0,107400000.0,110500000.0,126500000.0,123100000.0,107500000.0,72900000.0,109900000.0,85900000.0
,,,,,,,,,,,,,,,,,,,,,,,,,,,,,,,,,,,,,,,,,,,,,,,,,,,,,,,,,,,,,,,,,,,,,,,,,,,,,,,,,,,,,,,,,,,,,,,,,,,,,
EBITDA,,,,,,,,,,,,,,,,,,,,,,,,,,,,,,,,,,,,,,,,,,,,,,,,,,,,,,,,,,,,,,,,,,,,,,,,,,,,,,,,,,,,,,,,,,,,,,,,,,,,,
,depreciationAndAmortization,53900000.0,58400000.0,52900000.0,47100000.0,42500000.0,43700000.0,45600000.0,46600000.0,47000000.0,43000000.0,38400000.0,36900000.0,37600000.0,39800000.0
,EBITDA,120700000.0,249500000.0,196300000.0,157100000.0,176700000.0,160600000.0,130200000.0,183100000.0,247700000.0,162100000.0,71300000.0,971500000.0,164400000.0,216300000.0
,EBITDARatio,0.0348179772687936,0.0554247378709792,0.0445286271663188,0.0466906410675543,0.061789698220093,0.0507072493053801,0.0359450057975816,0.0529144871831922,0.0615449598727855,0.0342720622436467,0.0183031703247337,0.31685202700499,0.0309616181400429,0.0360385877805362
,,,,,,,,,,,,,,,,,,,,,,,,,,,,,,,,,,,,,,,,,,,,,,,,,,,,,,,,,,,,,,,,,,,,,,,,,,,,,,,,,,,,,,,,,,,,,,,,,,,,,
INCOME,,,,,,,,,,,,,,,,,,,,,,,,,,,,,,,,,,,,,,,,,,,,,,,,,,,,,,,,,,,,,,,,,,,,,,,,,,,,,,,,,,,,,,,,,,,,,,,,,,,,,
,operatingIncome,66800000.0,191100000.0,143400000.0,110000000.0,134200000.0,116900000.0,84600000.0,136500000.0,200700000.0,119100000.0,32900000.0,934600000.0,126800000.0,176500000.0
,operatingIncomeRatio,0.0192696013384873,0.0424515727741248,0.0325288086380546,0.0326923648467917,0.0469279994405008,0.0369095731245264,0.0233559715090277,0.0394474467531717,0.049867070837578,0.0251807687428644,0.00844564240790656,0.304817194481589,0.0238803721420769,0.029407354337793
,totalOtherIncomeExpensesNet,-80500000.0,17300000.0,72500000.0,-2300000.0,-18200000.0,-18700000.0,-4100000.0,-12100000.0,-33900000.0,-15800000.0,-16000000.0,9200000.0,29200000.0,-3700000.0
,incomeBeforeTax,-90100000.0,115200000.0,116700000.0,16700000.0,26100000.0,1900000.0,-26900000.0,13900000.0,40300000.0,-19800000.0,-90600000.0,-124700000.0,46100000.0,86900000.0
,incomeBeforeTaxRatio,-0.0259908844400854,0.0255909010129732,0.0264721894564921,0.00496329539037656,0.00912683148582019,0.000599898964384946,-0.00742642592899343,0.00401699274629367,0.0100131686833801,-0.00418622351896486,-0.023257604928764,-0.0406705586901928,0.00868205958793175,0.0144787483963412
,incomeTaxExpense,-24800000.0,32500000.0,10300000.0,-1300000.0,7200000.0,3700000.0,-700000.0,-112300000.0,-5500000.0,-11000000.0,13100000.0,67500000.0,14800000.0,30000000.0
,netIncome,-65800000.0,82400000.0,106000000.0,17100000.0,18700000.0,-500000.0,-25700000.0,127300000.0,47100000.0,-8100000.0,-104000000.0,-190700000.0,32500000.0,56900000.0
,netIncomeRatio,-0.0189811342525818,0.0183046028078905,0.0240450049904727,0.00508217671709216,0.0065391474630206,-0.000157868148522354,-0.00709513555297885,0.0367887177412363,0.0117027356076229,-0.00171254598503108,-0.0266974714414068,-0.062196275398715,0.00612075784398659,0.00948033122844433
,,,,,,,,,,,,,,,,,,,,,,,,,,,,,,,,,,,,,,,,,,,,,,,,,,,,,,,,,,,,,,,,,,,,,,,,,,,,,,,,,,,,,,,,,,,,,,,,,,,,,
EPS,,,,,,,,,,,,,,,,,,,,,,,,,,,,,,,,,,,,,,,,,,,,,,,,,,,,,,,,,,,,,,,,,,,,,,,,,,,,,,,,,,,,,,,,,,,,,,,,,,,,,
,EPS,-1.73,2.19,2.84,0.459677419354839,0.55,-0.02,-1.01,3.973469,1.470152,-0.252829,-3.246196,-5.9524,1.014436,1.769801
,EPSDiluted,-1.73,2.17,2.81,0.458445040214477,0.54,-0.02,-1.01,3.973469,1.470152,-0.252829,-3.246196,-5.9524,1.014436,1.769801
,weightedAverageShsOut,37572254.0,37700000.0,37300000.0,37200000.0,34300000.0,32100000.0,25400000.0,32037500.0,32037500.0,32037500.0,32037500.0,32037500.0,32037500.0,32037500.0
,weightedAverageShsOutDil,37572254.0,38000000.0,37700000.0,37300000.0,34400000.0,32100000.0,25400000.0,32037500.0,32037500.0,32037500.0,32037500.0,32037500.0,32037500.0,32037500.0
