date,,2020-05-31_FY,2019-05-31_FY,2018-05-31_FY,2017-05-31_FY,2016-05-31_FY,2015-05-31_FY,2014-05-31_FY,2013-05-31_FY,2012-05-31_FY,2011-05-31_FY,2010-05-31_FY,2009-05-31_FY,2008-05-31_FY,2007-05-31_FY,2006-05-31_FY,2005-05-31_FY,2004-05-31_FY,2003-05-31_FY,2002-05-31_FY,2001-05-31_FY,2000-05-31_FY,1999-05-31_FY,1998-05-31_FY,1997-05-31_FY,1996-05-31_FY,1995-05-31_FY,1994-05-31_FY,1993-05-31_FY,1992-05-31_FY,1991-05-31_FY,1990-05-31_FY
,revenue,1487100000.0,1653900000.0,1628400000.0,1741600000.0,1672800000.0,1635800000.0,1822300000.0,1792400000.0,2148800000.0,1906100000.0,1912900000.0,1849300000.0,2205600000.0,2179100000.0,2283800000.0,2079900000.0,2233800000.0,1958300000.0,1917000000.0,1962300000.0,1402500000.0,1154700000.0,1058400000.0,966300000.0,928600000.0,749900000.0,631600000.0,552300000.0,489300000.0,422900000.0,374600000.0
,costOfRevenue,751000000.0,779900000.0,744600000.0,814500000.0,762300000.0,758500000.0,846000000.0,829600000.0,989200000.0,885900000.0,859800000.0,868800000.0,1053700000.0,1005300000.0,1103100000.0,970500000.0,1086800000.0,882100000.0,852100000.0,938100000.0,631000000.0,509900000.0,493600000.0,490600000.0,436600000.0,335400000.0,279600000.0,252000000.0,234200000.0,198600000.0,179800000.0
,grossProfit,736100000.0,874000000.0,883800000.0,927100000.0,910500000.0,877300000.0,976300000.0,962800000.0,1159600000.0,1020200000.0,1053100000.0,980500000.0,1151900000.0,1173800000.0,1180700000.0,1109400000.0,1147000000.0,1076200000.0,1064900000.0,1024200000.0,771500000.0,644800000.0,564800000.0,475700000.0,492000000.0,414500000.0,352000000.0,300300000.0,255100000.0,224300000.0,194800000.0
,grossProfitRatio,0.494990249478851,0.528447910998247,0.54274134119381,0.532326596233349,0.544296987087518,0.536312507641521,0.535751522800856,0.537156884623968,0.539650037230082,0.535229001626357,0.550525380312614,0.530200616449467,0.522261516140733,0.538662750676885,0.516989228478851,0.533391028414828,0.513474796311219,0.549558290353878,0.555503390714658,0.521938541507415,0.550089126559715,0.558413440720533,0.533635676492819,0.492290179033426,0.529829851389188,0.552740365382051,0.557314756174794,0.543726235741445,0.521357040670345,0.530385433908726,0.520021356113187
,,,,,,,,,,,,,,,,,,,,,,,,,,,,,,,,,,,,,,,,,,,,,,,,,,,,,,,,,,,,,,,,,,,,,,,,,,,,,,,,,,,,,,,,,,,,,,,,,,,,,
COST And EXPENSES,,,,,,,,,,,,,,,,,,,,,,,,,,,,,,,,,,,,,,,,,,,,,,,,,,,,,,,,,,,,,,,,,,,,,,,,,,,,,,,,,,,,,,,,,,,,,,,,,,,,,
,ResearchAndDevelopmentExpenses,0.0,0.0,0.0,0.0,0.0,0.0,0.0,0.0,0.0,0.0,0.0,0.0,0.0,0.0,0.0,0.0,0.0,0.0,0.0,0.0,0.0,0.0,0.0,0.0,0.0,0.0,0.0,0.0,0.0,0.0,0.0
,GeneralAndAdministrativeExpenses,705300000.0,781400000.0,763200000.0,777800000.0,777700000.0,771100000.0,812500000.0,815000000.0,870300000.0,835700000.0,803400000.0,805900000.0,880600000.0,984100000.0,975600000.0,911400000.0,975200000.0,898600000.0,842400000.0,883100000.0,592600000.0,493300000.0,440300000.0,399600000.0,0.0,0.0,0.0,0.0,0.0,0.0,0.0
,SellingAndMarketingExpenses,0.0,0.0,0.0,0.0,0.0,0.0,0.0,0.0,0.0,0.0,0.0,0.0,0.0,0.0,0.0,0.0,0.0,0.0,0.0,0.0,0.0,0.0,0.0,0.0,0.0,0.0,0.0,0.0,0.0,0.0,0.0
,otherExpenses,-1300000.0,-1400000.0,-58200000.0,0.0,0.0,100000.0,0.0,0.0,-100000.0,0.0,0.0,0.0,0.0,0.0,0.0,0.0,0.0,0.0,0.0,0.0,0.0,0.0,0.0,0.0,0.0,0.0,0.0,0.0,0.0,0.0,0.0
,operatingExpenses,766800000.0,837500000.0,807100000.0,816500000.0,816600000.0,819000000.0,873900000.0,881500000.0,939100000.0,909400000.0,872400000.0,866600000.0,945200000.0,1051100000.0,1041400000.0,974500000.0,1032000000.0,957500000.0,880200000.0,925500000.0,664000000.0,566900000.0,505200000.0,458000000.0,0.0,0.0,0.0,0.0,0.0,0.0,0.0
,costAndExpenses,1517800000.0,1617400000.0,1551700000.0,1631000000.0,1578900000.0,1577500000.0,1719900000.0,1711100000.0,1928300000.0,1795300000.0,1732200000.0,1735400000.0,1998900000.0,2056400000.0,2144500000.0,1945000000.0,2118800000.0,1839600000.0,1732300000.0,1863600000.0,1295000000.0,1076800000.0,998800000.0,948600000.0,846500000.0,682200000.0,576000000.0,503200000.0,445000000.0,382900000.0,339700000.0
,interestExpense,3000000.0,2200000.0,2000000.0,2400000.0,2200000.0,3800000.0,7500000.0,15700000.0,16500000.0,17100000.0,17800000.0,24200000.0,0.0,0.0,0.0,0.0,0.0,0.0,0.0,0.0,0.0,0.0,0.0,0.0,0.0,0.0,0.0,0.0,0.0,0.0,0.0
,,,,,,,,,,,,,,,,,,,,,,,,,,,,,,,,,,,,,,,,,,,,,,,,,,,,,,,,,,,,,,,,,,,,,,,,,,,,,,,,,,,,,,,,,,,,,,,,,,,,,
EBITDA,,,,,,,,,,,,,,,,,,,,,,,,,,,,,,,,,,,,,,,,,,,,,,,,,,,,,,,,,,,,,,,,,,,,,,,,,,,,,,,,,,,,,,,,,,,,,,,,,,,,,
,depreciationAndAmortization,61500000.0,56100000.0,43900000.0,38700000.0,38900000.0,47900000.0,61400000.0,66500000.0,68800000.0,60100000.0,59500000.0,60700000.0,64600000.0,67000000.0,65800000.0,63100000.0,53500000.0,46100000.0,36600000.0,42400000.0,71400000.0,73600000.0,64900000.0,58400000.0,42500000.0,24000000.0,21700000.0,17000000.0,4500000.0,3900000.0,3500000.0
,EBITDA,30800000.0,92600000.0,120600000.0,149300000.0,132800000.0,106200000.0,163800000.0,147800000.0,289300000.0,170900000.0,240200000.0,174600000.0,271300000.0,189700000.0,205100000.0,198000000.0,168500000.0,164800000.0,221300000.0,141100000.0,178900000.0,151500000.0,124500000.0,76100000.0,124600000.0,91700000.0,77300000.0,66100000.0,48800000.0,43900000.0,38400000.0
,EBITDARatio,0.0207114518189765,0.0559888747808211,0.0740604274134119,0.0857257694074414,0.0793878527020564,0.0649223621469617,0.0898864072874938,0.0824592724838206,0.134633283693224,0.0896595141912806,0.125568508547232,0.0944141026334289,0.123005077983315,0.087054288467716,0.0898064629126894,0.0951968844655993,0.0754319992837318,0.0841546239084921,0.115440792905582,0.071905417112572,0.127557932263815,0.131202909846713,0.117630385487528,0.0787540101417779,0.134180486754254,0.122282971062808,0.122387587080431,0.119681332609089,0.099734314326589,0.103807046583117,0.102509343299519
,,,,,,,,,,,,,,,,,,,,,,,,,,,,,,,,,,,,,,,,,,,,,,,,,,,,,,,,,,,,,,,,,,,,,,,,,,,,,,,,,,,,,,,,,,,,,,,,,,,,,
INCOME,,,,,,,,,,,,,,,,,,,,,,,,,,,,,,,,,,,,,,,,,,,,,,,,,,,,,,,,,,,,,,,,,,,,,,,,,,,,,,,,,,,,,,,,,,,,,,,,,,,,,
,operatingIncome,-30700000.0,36500000.0,76700000.0,110600000.0,93900000.0,58300000.0,102400000.0,81300000.0,220500000.0,110800000.0,180700000.0,113900000.0,206700000.0,122700000.0,139300000.0,134900000.0,115000000.0,118700000.0,184700000.0,98700000.0,107500000.0,77900000.0,59600000.0,17700000.0,82100000.0,67700000.0,55600000.0,49100000.0,44300000.0,40000000.0,34900000.0
,operatingIncomeRatio,-0.0206442068455383,0.0220690489146865,0.0471014492753623,0.0635048231511254,0.0561334289813486,0.0356400537963076,0.0561927234813148,0.0453581789779067,0.102615413253909,0.0581291642621059,0.0944639029745413,0.0615908722219218,0.0937159956474429,0.0563076499472259,0.0609948331727822,0.0648588874465118,0.0514817799265825,0.0606137976816627,0.0963484611371935,0.0502981195535851,0.0766488413547237,0.0674634104096302,0.0563114134542706,0.0183172927662217,0.0884126642257161,0.090278703827177,0.0880303989867004,0.0889009596233931,0.0905375025546699,0.0945850082761882,0.093166043780032
,totalOtherIncomeExpensesNet,-59100000.0,-13900000.0,-79300000.0,-21700000.0,-24100000.0,-24900000.0,-45100000.0,-13400000.0,-34300000.0,-14100000.0,-52900000.0,-56300000.0,2600000.0,3000000.0,0.0,0.0,4700000.0,-9900000.0,-1200000.0,0.0,-8500000.0,0.0,-1400000.0,0.0,-24300000.0,700000.0,200000.0,500000.0,-10700000.0,-3100000.0,-10900000.0
,incomeBeforeTax,-89700000.0,26000000.0,-1500000.0,87900000.0,68700000.0,29900000.0,50400000.0,53400000.0,170700000.0,81100000.0,111600000.0,34600000.0,179500000.0,95600000.0,107600000.0,99700000.0,90500000.0,90100000.0,153300000.0,57100000.0,80400000.0,58900000.0,38100000.0,1000000.0,46700000.0,62300000.0,52700000.0,46800000.0,21600000.0,22500000.0,8500000.0
,incomeBeforeTaxRatio,-0.0603187411740972,0.0157204184049822,-0.000921149594694178,0.0504708314193845,0.0410688665710187,0.0182785181562538,0.0276573560884596,0.0297924570408391,0.079439687267312,0.0425476103037616,0.058340739191803,0.0187097820797058,0.0813837504533914,0.0438713230232665,0.0471144583588756,0.0479349968748498,0.0405139224639628,0.0460092937752132,0.0799687010954617,0.0290985068542017,0.0573262032085562,0.051008920065818,0.0359977324263039,0.00103487529752665,0.0502907602842989,0.0830777436991599,0.0834388853704876,0.084736556219446,0.0441446965052115,0.0532040671553559,0.0226908702616124
,incomeTaxExpense,-46000000.0,10400000.0,3500000.0,35400000.0,24700000.0,14400000.0,6100000.0,17600000.0,62000000.0,37500000.0,52900000.0,21400000.0,68900000.0,34700000.0,39000000.0,35400000.0,32100000.0,31500000.0,54600000.0,20800000.0,29000000.0,22100000.0,14500000.0,600000.0,14800000.0,23700000.0,19800000.0,18700000.0,8600000.0,8700000.0,5700000.0
,netIncome,-43800000.0,15600000.0,-5000000.0,52300000.0,40500000.0,294600000.0,44400000.0,31100000.0,102400000.0,39400000.0,56100000.0,-14300000.0,-17200000.0,60900000.0,68600000.0,64300000.0,58400000.0,58600000.0,93500000.0,36300000.0,51400000.0,36800000.0,23600000.0,400000.0,31900000.0,38600000.0,24800000.0,28100000.0,13000000.0,13800000.0,2800000.0
,netIncomeRatio,-0.0294532983659471,0.0094322510429893,-0.00307049864898059,0.0300298576022049,0.0242109038737446,0.180095366181685,0.0243648136969763,0.0173510377147958,0.0476545048399106,0.0206704789885106,0.0293271995399655,-0.00773265559941599,-0.00779833151976786,0.0279473176999679,0.03003765653735,0.0309149478340305,0.0261437908496732,0.0299239135985293,0.048774126238915,0.01849870050451,0.0366488413547237,0.0318697497185416,0.0222978080120937,0.000413950119010659,0.0343527891449494,0.0514735298039739,0.039265357821406,0.0508781459351802,0.0265685673410995,0.0326318278552849,0.00747463961558996
,,,,,,,,,,,,,,,,,,,,,,,,,,,,,,,,,,,,,,,,,,,,,,,,,,,,,,,,,,,,,,,,,,,,,,,,,,,,,,,,,,,,,,,,,,,,,,,,,,,,,
EPS,,,,,,,,,,,,,,,,,,,,,,,,,,,,,,,,,,,,,,,,,,,,,,,,,,,,,,,,,,,,,,,,,,,,,,,,,,,,,,,,,,,,,,,,,,,,,,,,,,,,,
,EPS,-1.27,0.44,-0.14,1.51,1.18,9.0,1.39,0.97,3.27,1.18,1.54,-0.369509043927649,-0.444444444444444,1.43,1.65,1.61,1.48,1.5,2.55,1.05,1.535,1.125,0.73,0.01,0.985,1.24,0.8,0.89,0.54,0.65,0.12
,EPSDiluted,-1.27,0.43,-0.14,1.47,1.16,8.8,1.36,0.95,3.21,1.16,1.52,-0.364795918367347,-0.438775510204082,1.42,1.63,1.58,1.46,1.46,2.38,1.01,1.48,1.1,0.725,0.01,0.985,1.19,0.77,0.88,0.53,0.65,0.11
,weightedAverageShsOut,34600000.0,35201000.0,35016000.0,34694000.0,34092000.0,32685000.0,31985000.0,31800000.0,31200000.0,33100000.0,36500000.0,38700000.0,38700000.0,42587413.0,41575758.0,39937888.0,39459459.0,39066667.0,36666667.0,34571429.0,33485342.0,32711111.0,32328767.0,32800000.0,32391712.0,31129032.0,31000000.0,31573034.0,24074074.0,21230769.0,23333333.0
,weightedAverageShsOutDil,34600000.0,35772000.0,35016000.0,35430000.0,34900000.0,33394000.0,32528000.0,32400000.0,31700000.0,33600000.0,36800000.0,39200000.0,39200000.0,42887324.0,42085890.0,40696203.0,40000000.0,40136986.0,39285714.0,35940594.0,34729730.0,33454545.0,32551724.0,32800000.0,34682074.0,32436975.0,32207792.0,31931818.0,24528302.0,21230769.0,25454545.0
