date,,2020-12-31_FY,2019-12-31_FY,2018-12-31_FY,2017-12-31_FY,2016-12-31_FY,2015-12-31_FY,2014-12-31_FY,2013-12-31_FY,2012-12-31_FY,2011-12-31_FY,2010-12-31_FY,2009-12-31_FY,2008-12-31_FY,2007-12-31_FY,2006-12-31_FY,2005-12-31_FY,2004-12-31_FY,2003-12-31_FY,2002-12-31_FY,2001-12-31_FY,2000-12-31_FY,1999-12-31_FY,1998-12-31_FY,1997-12-31_FY,1996-12-31_FY,1995-12-31_FY,1994-12-31_FY
,revenue,3511509000.0,3230785000.0,3190174000.0,3095031000.0,3031137000.0,2986380000.0,2994012000.0,2556382000.0,2410481000.0,2316040000.0,2190552000.0,2053520000.0,2155622000.0,2285303000.0,1747295000.0,1715605000.0,1859308000.0,2341651000.0,2272423000.0,2510343000.0,2564730000.0,3321800000.0,2875100000.0,2468400000.0,2294200000.0,1652100000.0,1117200000.0
,costOfRevenue,2534682000.0,2470205000.0,2429852000.0,2372842000.0,2354703000.0,2314435000.0,2318199000.0,2006813000.0,1885254000.0,1837504000.0,1741329000.0,1632336000.0,1736851000.0,1816803000.0,1402627000.0,1416778000.0,1524810000.0,1975853000.0,1908508000.0,2150957000.0,2013059000.0,2456000000.0,1954000000.0,1623200000.0,1559900000.0,1088500000.0,699900000.0
,grossProfit,976827000.0,760580000.0,760322000.0,722189000.0,676434000.0,671945000.0,675813000.0,549569000.0,525227000.0,478536000.0,449223000.0,421184000.0,418771000.0,468500000.0,344668000.0,298827000.0,334498000.0,365798000.0,363915000.0,359386000.0,551671000.0,865800000.0,921100000.0,845200000.0,734300000.0,563600000.0,417300000.0
,grossProfitRatio,0.278178697534308,0.235416469991039,0.238332454593386,0.2333382121213,0.22316180364002,0.225003181108901,0.225721540194228,0.214979216721132,0.2178930263296,0.206618193122744,0.205072967909458,0.205103432155518,0.194269217886995,0.205005638202024,0.197258047439041,0.174181702664658,0.179904566645225,0.156213714170045,0.160144040084086,0.143162109719668,0.215099055261178,0.260641820699621,0.320371465340336,0.342408037595203,0.320067997559062,0.341141577386357,0.373523093447905
,,,,,,,,,,,,,,,,,,,,,,,,,,,,,,,,,,,,,,,,,,,,,,,,,,,,,,,,,,,,,,,,,,,,,,,,,,,,,,,,,,,,,,,,,,,,,,,,,,,,,
COST And EXPENSES,,,,,,,,,,,,,,,,,,,,,,,,,,,,,,,,,,,,,,,,,,,,,,,,,,,,,,,,,,,,,,,,,,,,,,,,,,,,,,,,,,,,,,,,,,,,,,,,,,,,,
,ResearchAndDevelopmentExpenses,0.0,0.0,0.0,0.0,0.0,0.0,0.0,0.0,0.0,0.0,0.0,0.0,0.0,0.0,0.0,0.0,0.0,0.0,0.0,0.0,0.0,0.0,0.0,0.0,0.0,0.0,0.0
,GeneralAndAdministrativeExpenses,141066000.0,126886000.0,145499000.0,154423000.0,137730000.0,128188000.0,184877000.0,155136000.0,123905000.0,103860000.0,103689000.0,102290000.0,87447000.0,137406000.0,94900000.0,84812000.0,130896000.0,178101000.0,89752000.0,70309000.0,79932000.0,82600000.0,66800000.0,66800000.0,63200000.0,53600000.0,51700000.0
,SellingAndMarketingExpenses,0.0,0.0,0.0,0.0,0.0,0.0,0.0,0.0,0.0,0.0,0.0,0.0,0.0,0.0,0.0,0.0,0.0,0.0,0.0,0.0,0.0,0.0,0.0,0.0,0.0,0.0,0.0
,otherExpenses,781000.0,299000.0,2760000.0,460000.0,-631000.0,-113000.0,1780000.0,-559000.0,3668000.0,0.0,0.0,0.0,0.0,0.0,0.0,0.0,0.0,0.0,0.0,0.0,0.0,0.0,0.0,0.0,0.0,0.0,0.0
,operatingExpenses,141066000.0,126886000.0,145499000.0,154423000.0,137730000.0,128188000.0,184877000.0,155136000.0,123905000.0,103860000.0,103689000.0,101550000.0,89975000.0,139254000.0,134857000.0,70554000.0,104852000.0,136755000.0,378806000.0,70309000.0,303963000.0,334700000.0,269100000.0,224400000.0,193000000.0,152000000.0,127800000.0
,costAndExpenses,2675748000.0,2597091000.0,2575351000.0,2527265000.0,2492433000.0,2442623000.0,2503076000.0,2161949000.0,2009159000.0,1941364000.0,1845018000.0,1733886000.0,1826826000.0,1956057000.0,1537484000.0,1487332000.0,1629662000.0,2112608000.0,2287314000.0,2221266000.0,2317022000.0,2790700000.0,2223100000.0,1847600000.0,1752900000.0,1240500000.0,827700000.0
,interestExpense,163063000.0,185843000.0,181556000.0,169125000.0,162093000.0,172897000.0,177571000.0,142360000.0,135068000.0,133782000.0,128196000.0,128981000.0,134274000.0,0.0,0.0,0.0,0.0,0.0,0.0,0.0,0.0,0.0,0.0,0.0,0.0,0.0,0.0
,,,,,,,,,,,,,,,,,,,,,,,,,,,,,,,,,,,,,,,,,,,,,,,,,,,,,,,,,,,,,,,,,,,,,,,,,,,,,,,,,,,,,,,,,,,,,,,,,,,,,
EBITDA,,,,,,,,,,,,,,,,,,,,,,,,,,,,,,,,,,,,,,,,,,,,,,,,,,,,,,,,,,,,,,,,,,,,,,,,,,,,,,,,,,,,,,,,,,,,,,,,,,,,,
,depreciationAndAmortization,177743000.0,176649000.0,179845000.0,180791000.0,178189000.0,172915000.0,176642000.0,144461000.0,144080000.0,183684000.0,174006000.0,163464000.0,170483000.0,172514000.0,141275000.0,87449000.0,145293000.0,161058000.0,128546000.0,193937000.0,224031000.0,252100000.0,202300000.0,157600000.0,129800000.0,98400000.0,76100000.0
,EBITDA,1013504000.0,810343000.0,794668000.0,748557000.0,716893000.0,716672000.0,667578000.0,538894000.0,545402000.0,558360000.0,519540000.0,483098000.0,499279000.0,501760000.0,351086000.0,315722000.0,374939000.0,390101000.0,113655000.0,483014000.0,471739000.0,783200000.0,854300000.0,778400000.0,671100000.0,510000000.0,365600000.0
,EBITDARatio,0.28862349491344,0.250819228144244,0.249098638506865,0.241857674446556,0.236509600192931,0.239980176668743,0.222971050216232,0.210803393233093,0.226262725157344,0.241083919103297,0.237173096096326,0.235253613307881,0.231617138811907,0.219559506988789,0.20093115358311,0.18402954059938,0.201655131909291,0.166592288944851,0.0500148959942757,0.192409563155314,0.183933201545582,0.235775784213378,0.297137490869883,0.315345973099984,0.292520268503182,0.308698020700926,0.327246688148944
,,,,,,,,,,,,,,,,,,,,,,,,,,,,,,,,,,,,,,,,,,,,,,,,,,,,,,,,,,,,,,,,,,,,,,,,,,,,,,,,,,,,,,,,,,,,,,,,,,,,,
INCOME,,,,,,,,,,,,,,,,,,,,,,,,,,,,,,,,,,,,,,,,,,,,,,,,,,,,,,,,,,,,,,,,,,,,,,,,,,,,,,,,,,,,,,,,,,,,,,,,,,,,,
,operatingIncome,835761000.0,633694000.0,614823000.0,567766000.0,538704000.0,543757000.0,490936000.0,394433000.0,401322000.0,374676000.0,345534000.0,319634000.0,328796000.0,329246000.0,209811000.0,228273000.0,229646000.0,229043000.0,-14891000.0,289077000.0,247708000.0,531100000.0,652000000.0,620800000.0,541300000.0,411600000.0,289500000.0
,operatingIncomeRatio,0.238006224674349,0.196142423590552,0.192723970542046,0.183444366146898,0.17772340874068,0.182078971865603,0.163972622688219,0.154293450665824,0.166490422450955,0.161774408041312,0.157738323491065,0.155651758931006,0.152529525120824,0.144071048784341,0.120077605670479,0.133056851664573,0.123511543004171,0.0978126117000356,-0.00655291730456874,0.115154383285471,0.0965824862656108,0.159883195857668,0.226774720879274,0.251498946686112,0.235942812309302,0.249137461412747,0.259129967776584
,totalOtherIncomeExpensesNet,-10638000.0,16581000.0,8465000.0,1617000.0,-49953000.0,-509000.0,89235000.0,-6354000.0,-20571000.0,-99910000.0,-73270000.0,8715000.0,-36753000.0,191022000.0,-60091000.0,-37577000.0,81287000.0,70062000.0,-253632000.0,-612879000.0,-483140000.0,-330600000.0,43600000.0,95900000.0,11200000.0,700000.0,9600000.0
,incomeBeforeTax,662060000.0,464432000.0,441732000.0,400258000.0,326658000.0,370351000.0,402600000.0,245719000.0,245683000.0,225636000.0,219459000.0,199368000.0,163162000.0,386987000.0,97449000.0,90807000.0,110798000.0,114333000.0,-140963000.0,-535428000.0,-516978000.0,-37700000.0,518500000.0,580000000.0,413900000.0,294200000.0,219000000.0
,incomeBeforeTaxRatio,0.188540026524209,0.143752060257801,0.138466428476942,0.129322775765412,0.107767481311468,0.124013353960313,0.134468398924253,0.0961198287266926,0.101922811256343,0.097423187855132,0.100184337098594,0.0970859791966964,0.0756913781729821,0.169337282627293,0.0557713494286883,0.052930015941898,0.059590987614747,0.048825807090809,-0.0620320248474866,-0.213288781652547,-0.201572095308278,-0.0113492684689024,0.180341553337275,0.234970021066278,0.180411472408683,0.178076387627868,0.196025778732546
,incomeTaxExpense,145923000.0,94661000.0,-5826000.0,-146589000.0,149353000.0,135027000.0,225980000.0,96615000.0,91548000.0,79404000.0,92458000.0,76275000.0,65717000.0,143670000.0,44845000.0,34122000.0,-6213000.0,29251000.0,-39740000.0,61199000.0,-91455000.0,-3400000.0,176400000.0,205400000.0,148600000.0,110600000.0,88000000.0
,netIncome,515907000.0,369596000.0,447208000.0,546663000.0,177038000.0,233772000.0,172469000.0,143848000.0,152546000.0,144903000.0,126417000.0,123098000.0,97083000.0,247729000.0,56511000.0,-126730000.0,113699000.0,85082000.0,-231880000.0,-597796000.0,-1343251000.0,-32400000.0,342100000.0,333800000.0,265300000.0,183600000.0,131000000.0
,netIncomeRatio,0.146918888717073,0.114398203532578,0.140182949268598,0.176626017639242,0.0584064659565041,0.0782793884234424,0.0576046455391628,0.0562701505487052,0.0632844648018383,0.0625649816065353,0.0577101114239698,0.0599448751412209,0.0450371168971183,0.108400942894662,0.0323419914782564,-0.073868984993632,0.0611512455171494,0.0363341932679123,-0.102040861230502,-0.238133195344222,-0.523739730887852,-0.00975374796796917,0.118987165663803,0.135229298330903,0.115639438584256,0.111131287452333,0.117257429287504
,,,,,,,,,,,,,,,,,,,,,,,,,,,,,,,,,,,,,,,,,,,,,,,,,,,,,,,,,,,,,,,,,,,,,,,,,,,,,,,,,,,,,,,,,,,,,,,,,,,,,
EPS,,,,,,,,,,,,,,,,,,,,,,,,,,,,,,,,,,,,,,,,,,,,,,,,,,,,,,,,,,,,,,,,,,,,,,,,,,,,,,,,,,,,,,,,,,,,,,,,,,,,,
,EPS,2.83082756274486,2.03,2.45,2.91,0.92,1.17,0.82,0.68,0.71,0.62,0.51,0.489048861979508,0.38,0.87,0.192963166575041,-0.419340001919176,0.36,0.283794917295139,-0.79,-2.1,-4.9353019414194,-0.118994715018676,1.34,1.36,1.1,0.9,0.755
,EPSDiluted,2.83082756274486,1.99,2.39,2.84,0.9,1.14,0.81,0.67,0.7,0.61,0.5,0.487547725796486,0.37,0.85,0.190035343056317,-0.413144468532494,0.35,0.282861797267196,-0.79,-2.1,-4.92856566279206,-0.118338008415147,1.31,1.31,1.07,0.85,0.715
,weightedAverageShsOut,175982000.0,182246000.0,182447000.0,187630000.0,193086000.0,200356000.0,210741000.0,211811000.0,215712000.0,234242000.0,248871000.0,251709000.0,257477000.0,284966000.0,292859000.0,302213000.0,318737000.0,299801000.0,294533000.0,285127000.0,272172000.0,272281000.0,256271000.0,245470000.0,241178000.0,204148000.0,173509934.0
,weightedAverageShsOutDil,175982000.0,185523000.0,186972000.0,192246000.0,196042000.0,204450000.0,214200000.0,216014000.0,219066000.0,236669000.0,250602000.0,252484000.0,260446000.0,290444000.0,297371000.0,306745000.0,344675000.0,300790000.0,294533000.0,285127000.0,272544000.0,273792000.0,262520000.0,257781000.0,247943925.0,216000000.0,173852000.0
