Date,2018-12-31,2017-12-31,2016-12-31,2015-12-31,2014-12-31,2013-12-31,2012-12-31,2011-12-31,2010-12-31,2009-12-31
Revenue,1556000.0,446000.0,131000.0,244000.0,632000.0,1710000.0,3459000.0,0.0,8547000.0,10816000.0
Revenue Growth,2.48878923766816,2.40458015267176,-0.463114754098361,-0.613924050632911,-0.630409356725146,-0.505637467476149,0.0,-1,-0.209781804733728,-0.0422
Cost of Revenue,3455000.0,3403000.0,3444000.0,2797000.0,1558000.0,1051000.0,4015000.0,0.0,8912000.0,11654000.0
Gross Profit,-1899000.0,-2957000.0,-3313000.0,-2553000.0,-926000.0,659000.0,-556000.0,0.0,-365000.0,-838000.0
R&D Expenses,2352000.0,2644000.0,2784000.0,4125000.0,5992000.0,169000.0,5030000.0,0.0,5067000.0,4399000.0
SG&A Expense,3972000.0,4062000.0,5146000.0,5838000.0,5389000.0,0.0,5440000.0,0.0,6684000.0,6925000.0
Operating Expenses,6324000.0,6706000.0,7930000.0,10170000.0,11381000.0,169000.0,10470000.0,0.0,11751000.0,11324000.0
Operating Income,-8223000.0,-9663000.0,-11243000.0,-12723000.0,-12307000.0,-12173000.0,-11026000.0,0.0,-12116000.0,-12162000.0
Interest Expense,0.0,0.0,0.0,0.0,0.0,0.0,0.0,0.0,29000.0,32000.0
Earnings before Tax,0.0,0.0,0.0,0.0,0.0,0.0,0.0,0.0,-11968000.0,-12979000.0
Income Tax Expense,0.0,0.0,0.0,0.0,0.0,0.0,0.0,0.0,0.0,0.0
Net Income - Non-Controlling int,0.0,0.0,0.0,0.0,0.0,0.0,0.0,0.0,0.0,0.0
Net Income - Discontinued ops,0.0,0.0,0.0,0.0,0.0,0.0,0.0,0.0,0.0,0.0
Net Income,-8131000.0,-9527000.0,-11116000.0,-8602000.0,-8251000.0,-12173000.0,-10928000.0,0.0,-11968000.0,-12979000.0
Preferred Dividends,0.0,0.0,0.0,0.0,0.0,0.0,0.0,0.0,0.0,0.0
Net Income Com,-8131000.0,-9527000.0,-11116000.0,-8602000.0,-8251000.0,-12173000.0,-10928000.0,0.0,-11968000.0,-12979000.0
EPS,-4.03,-0.91,-3.53,-0.44,-0.64,-1.71,-0.28,0.0,-919.287,-1171.64
EPS Diluted,-4.03,-0.91,-3.53,-0.44,-0.64,-1.71,-0.28,0.0,-919.287,-1171.64
Weighted Average Shs Out,2016869.0,10524732.0,3148376.0,19706292.0,0.0,0.0,39233785.0,0.0,15100.0,12489.0
Weighted Average Shs Out (Dil),2016869.0,10524732.0,3148376.0,19706292.0,0.0,0.0,39233785.0,0.0,12951.0,11008.0
Dividend per Share,0.0,0.0,0.0,0.0,0.0,0.0,0.0,0.0,0.0,0.0
Gross Margin,-1.22043701799,-6.63004484305,-25.2900763359,-10.4631147541,-1.46518987342,0.385380116959,-0.160740098294,0.0,-0.0427,-0.0775
EBITDA Margin,-4.6323907455,-17.4394618834,-69.4961832061,-42.0696721311,-17.3655063291,-6.37251461988,-3.09713790113,0.0,-1.283,-1.062
EBIT Margin,-5.28470437018,-21.6659192825,-85.8244274809,-52.143442623,-19.4731012658,-7.11871345029,-3.18762648164,0.0,-1.3969,-1.197
Profit Margin,-5.22557840617,-21.3609865471,-84.8549618321,-35.2540983607,-13.0553797468,-7.11871345029,-3.15929459381,0.0,-1.4,-1.2
Free Cash Flow margin,-4.57583547558,-17.0313901345,-61.8702290076,-35.3483606557,-21.7231012658,-5.33157894737,-3.41543798786,0.0,-1.1419,-0.7082
EBITDA,-7208000.0,-7778000.0,-9104000.0,-10265000.0,-10975000.0,-10897000.0,-10713000.0,0.0,-10963000.0,-11485000.0
EBIT,-8223000.0,-9663000.0,-11243000.0,-12723000.0,-12307000.0,-12173000.0,-11026000.0,0.0,-11939000.0,-12947000.0
Consolidated Income,-8131000.0,-9527000.0,-11116000.0,-8602000.0,-8251000.0,-12173000.0,-10928000.0,0.0,-11968000.0,-12979000.0
Earnings Before Tax Margin,0.0,0.0,0.0,0.0,0.0,0.0,0.0,0.0,-1.4003,-1.2
Net Profit Margin,-5.22557840617,-21.3609865471,-84.8549618321,-35.2540983607,-13.0553797468,-7.11871345029,-3.15929459381,0.0,-1.4003,-1.2
