Date,2019-03-31,2018-03-31,2017-03-31,2016-03-31,2015-03-31,2014-03-31,2013-03-31,2012-03-31,2011-03-31,2010-03-31
Revenue,1199581000.0,1162894000.0,1262198000.0,1279567000.0,1286350000.0,1340208000.0,1276297000.0,1257805000.0,1189585000.0,1280110000.0
Revenue Growth,0.0315,-0.0787,-0.0136,-0.0053,-0.0402,0.0501,0.0147,0.0573,-0.0707,-0.0004
Cost of Revenue,1160085000.0,1081891000.0,1150194000.0,1128990000.0,1201987000.0,1247943000.0,1134985000.0,1164986000.0,1096360000.0,1129823000.0
Gross Profit,39496000.0,81003000.0,112004000.0,150577000.0,84363000.0,92265000.0,141312000.0,92819000.0,93225000.0,150287000.0
R&D Expenses,0.0,0.0,0.0,0.0,0.0,0.0,0.0,0.0,0.0,0.0
SG&A Expense,72549000.0,70185000.0,72996000.0,73515000.0,67381000.0,70129000.0,68852000.0,67971000.0,60421000.0,65133000.0
Operating Expenses,77575000.0,66172000.0,77262000.0,58846000.0,64009000.0,67359000.0,70378000.0,67196000.0,60931000.0,65289000.0
Operating Income,-38079000.0,14831000.0,34742000.0,91731000.0,20354000.0,24906000.0,70934000.0,25623000.0,32294000.0,84998000.0
Interest Expense,15437000.0,12818000.0,9672000.0,8044000.0,6862000.0,7564000.0,7486000.0,8102000.0,8827000.0,9638000.0
Earnings before Tax,-7029000.0,-9795000.0,25648000.0,83639000.0,14120000.0,17342000.0,63448000.0,17521000.0,23467000.0,75360000.0
Income Tax Expense,-12776000.0,-1315000.0,9753000.0,27240000.0,4221000.0,3563000.0,22035000.0,6265000.0,5796000.0,26949000.0
Net Income - Non-Controlling int,0.0,0.0,0.0,0.0,0.0,0.0,0.0,0.0,0.0,0.0
Net Income - Discontinued ops,-42230000.0,18529000.0,0.0,0.0,0.0,0.0,0.0,0.0,0.0,0.0
Net Income,5747000.0,-8480000.0,15895000.0,56399000.0,9899000.0,13779000.0,41413000.0,11256000.0,17671000.0,48411000.0
Preferred Dividends,0.0,0.0,0.0,0.0,0.0,0.0,0.0,0.0,0.0,0.0
Net Income Com,5747000.0,-8480000.0,15895000.0,56399000.0,9899000.0,13779000.0,41413000.0,11256000.0,17671000.0,48411000.0
EPS,0.59,-0.87,1.61,5.65,0.91,1.24,3.59,0.93,1.45,3.98
EPS Diluted,0.59,-0.87,1.6,5.61,0.9,1.23,3.57,0.92,1.45,3.96
Weighted Average Shs Out,9575003.0,9738890.0,9759001.0,9873700.0,10733113.0,10741650.0,10802960.0,11715245.0,11735631.0,10650931.0
Weighted Average Shs Out (Dil),9575003.0,9738890.0,9759001.0,9873700.0,10733113.0,10741650.0,10802960.0,11715245.0,11735631.0,10650931.0
Dividend per Share,0.0,0.0,0.0,0.0,0.0,0.0,0.0,0.0,0.0,0.0
Gross Margin,0.0329,0.0697,0.0887,0.1177,0.0656,0.0688,0.1107,0.0738,0.0784,0.1174
EBITDA Margin,0.033,0.03,0.048,0.089,0.033,0.036,0.074,0.038,0.046,0.084
EBIT Margin,0.007,0.0026,0.028,0.0717,0.0163,0.0186,0.0556,0.0204,0.0271,0.0664
Profit Margin,0.005,-0.007,0.013,0.044,0.008,0.01,0.032,0.009,0.015,0.038
Free Cash Flow margin,0.0495,-0.0394,-0.0062,0.0229,-0.0053,0.0288,0.0104,0.0115,-0.0021,0.0135
EBITDA,39643000.0,34570000.0,60144000.0,113420000.0,42816000.0,48187000.0,94185000.0,48314000.0,54875000.0,107413000.0
EBIT,8408000.0,3023000.0,35320000.0,91683000.0,20982000.0,24906000.0,70934000.0,25623000.0,32294000.0,84998000.0
Consolidated Income,5747000.0,-8480000.0,15895000.0,56399000.0,9899000.0,13779000.0,41413000.0,11256000.0,17671000.0,48411000.0
Earnings Before Tax Margin,-0.0059,-0.0084,0.0203,0.0654,0.011,0.0129,0.0497,0.0139,0.0197,0.0589
Net Profit Margin,0.0048,-0.0073,0.0126,0.0441,0.0077,0.0103,0.0324,0.0089,0.0149,0.0378
