Date,2018-12-31,2017-12-31,2016-12-31,2015-12-31,2014-12-31,2013-12-31,2012-12-31,2011-12-31,2010-12-31,2009-12-31
Revenue,68453000.0,58213000.0,51545000.0,43745000.0,34645000.0,29348000.0,25208000.0,20788000.0,17647000.0,17157000.0
Revenue Growth,0.1759,0.1294,0.1783,0.2627,0.1805,0.1642,0.2126,0.178,0.0286,0.1593
Cost of Revenue,0.0,0.0,0.0,0.0,0.0,0.0,0.0,0.0,0.0,0.0
Gross Profit,68453000.0,58213000.0,51545000.0,43745000.0,34645000.0,29348000.0,25208000.0,20788000.0,17647000.0,17157000.0
R&D Expenses,0.0,0.0,0.0,0.0,0.0,0.0,0.0,0.0,0.0,0.0
SG&A Expense,33040000.0,28011000.0,24566000.0,22215000.0,18747000.0,19353000.0,16089000.0,14428000.0,13353000.0,12538000.0
Operating Expenses,39763000.0,34552000.0,31176000.0,28209000.0,24907000.0,21812000.0,19513000.0,17867000.0,16564000.0,15393000.0
Operating Income,28690000.0,23661000.0,20369000.0,15536000.0,9738000.0,7536000.0,5695000.0,2921000.0,1083000.0,1764000.0
Interest Expense,0.0,0.0,0.0,0.0,0.0,0.0,0.0,0.0,0.0,0.0
Earnings before Tax,28690000.0,23661000.0,20369000.0,15536000.0,9738000.0,7536000.0,5695000.0,2921000.0,1083000.0,1764000.0
Income Tax Expense,6401000.0,10616000.0,7333000.0,5369000.0,3113000.0,2416000.0,1833000.0,833000.0,193000.0,345000.0
Net Income - Non-Controlling int,0.0,0.0,0.0,0.0,0.0,0.0,0.0,0.0,0.0,0.0
Net Income - Discontinued ops,0.0,0.0,0.0,0.0,0.0,0.0,0.0,0.0,0.0,0.0
Net Income,22289000.0,13045000.0,13036000.0,10167000.0,6625000.0,5120000.0,3862000.0,2088000.0,890000.0,1419000.0
Preferred Dividends,0.0,0.0,0.0,0.0,915000.0,751000.0,1104000.0,1144000.0,1125000.0,930000.0
Net Income Com,22289000.0,13045000.0,13036000.0,10167000.0,5710000.0,4369000.0,2758000.0,944000.0,-235000.0,489000.0
EPS,3.02,1.86,2.06,1.64,1.15,1.02,0.65,0.22,-0.06,0.064
EPS Diluted,2.88,1.76,1.94,1.55,1.1,0.98,0.64,0.22,-0.06,0.064
Weighted Average Shs Out,7450270.0,7319098.0,6382666.0,6243132.0,4832014.0,4313733.0,4239743.0,4203072.0,4183574.0,4097743.0
Weighted Average Shs Out (Dil),7384200.0,7005703.0,6318322.0,6204518.0,4980595.0,4279992.0,4229928.0,4200980.0,4178703.0,4066082.0
Dividend per Share,0.0,0.0,0.0,0.0,0.0,0.0,0.0,0.0,0.0,0.0
Gross Margin,1.0,1.0,1.0,1.0,1.0,1.0,1.0,1.0,1.0,1.0
EBITDA Margin,0.445,0.432,0.419,0.385,0.316,0.298,0.265,0.183,0.11,0.145
EBIT Margin,0.4191,0.4065,0.3952,0.3551,0.2811,0.2568,0.2259,0.1405,0.0614,0.1028
Profit Margin,0.326,0.224,0.253,0.232,0.165,0.149,0.109,0.045,-0.013,0.029
Free Cash Flow margin,0.4348,0.2029,0.2262,0.3533,0.0724,0.2143,0.3771,0.4243,0.594,-0.1499
EBITDA,30445000.0,25121000.0,21620000.0,16846000.0,10945000.0,8741000.0,6674000.0,3805000.0,1936000.0,2495000.0
EBIT,28690000.0,23661000.0,20369000.0,15536000.0,9738000.0,7536000.0,5695000.0,2921000.0,1083000.0,1764000.0
Consolidated Income,22289000.0,13045000.0,13036000.0,10167000.0,6625000.0,5120000.0,3862000.0,2088000.0,890000.0,1419000.0
Earnings Before Tax Margin,0.4191,0.4065,0.3952,0.3551,0.2811,0.2568,0.2259,0.1405,0.0614,0.1028
Net Profit Margin,0.3256,0.2241,0.2529,0.2324,0.1912,0.1745,0.1532,0.1004,0.0504,0.0827
