Date,2018-12-31,2017-12-31,2016-12-31,2015-12-31,2014-12-31,2013-12-31,2012-12-31,2011-12-31,2010-12-31,2009-12-31
Revenue,57974000.0,51599000.0,53046000.0,48866000.0,47473000.0,24551000.0,23352000.0,37612000.0,39561000.0,51933000.0
Revenue Growth,0.1235,-0.0273,0.0855,0.0293,0.9336,0.0513,-0.3791,-0.0493,-0.2382,-0.0878
Cost of Revenue,0.0,0.0,0.0,0.0,0.0,0.0,0.0,0.0,0.0,0.0
Gross Profit,57974000.0,51599000.0,53046000.0,48866000.0,47473000.0,24551000.0,23352000.0,37612000.0,39561000.0,51933000.0
R&D Expenses,0.0,0.0,0.0,0.0,0.0,0.0,0.0,0.0,0.0,0.0
SG&A Expense,35612000.0,33137000.0,36511000.0,36926000.0,38502000.0,39072000.0,37835000.0,36260000.0,37497000.0,39733000.0
Operating Expenses,36831000.0,33640000.0,37147000.0,37350000.0,39361000.0,40686000.0,39555000.0,39167000.0,41720000.0,40248000.0
Operating Income,21143000.0,17959000.0,15899000.0,11516000.0,8112000.0,-16135000.0,-16203000.0,-1555000.0,-2159000.0,11685000.0
Interest Expense,0.0,0.0,0.0,0.0,0.0,0.0,0.0,0.0,0.0,0.0
Earnings before Tax,35300000.0,19785000.0,15899000.0,11516000.0,8112000.0,-16135000.0,-16203000.0,-1555000.0,-2159000.0,11685000.0
Income Tax Expense,10303000.0,8523000.0,6261000.0,4408000.0,3061000.0,-6501000.0,-6565000.0,-658000.0,-492000.0,4412000.0
Net Income - Non-Controlling int,0.0,0.0,0.0,0.0,0.0,0.0,0.0,0.0,0.0,0.0
Net Income - Discontinued ops,-9234000.0,-2037000.0,0.0,0.0,0.0,0.0,0.0,0.0,0.0,0.0
Net Income,24997000.0,11262000.0,9638000.0,7108000.0,5051000.0,-9634000.0,-9638000.0,-897000.0,-1667000.0,7273000.0
Preferred Dividends,0.0,0.0,0.0,0.0,0.0,0.0,0.0,0.0,0.0,1876000.0
Net Income Com,24997000.0,11262000.0,9638000.0,7108000.0,5051000.0,-9634000.0,-9638000.0,-897000.0,-1667000.0,5397000.0
EPS,1.96,0.89,0.76,0.56,0.46,-1.14,-1.14,-0.11,-0.2,0.64
EPS Diluted,1.96,0.89,0.76,0.56,0.46,-1.14,-1.14,-0.11,-0.2,0.64
Weighted Average Shs Out,12749497.0,12688224.0,12664797.0,12631160.0,12614943.0,8461289.0,8457359.0,8457359.0,8443436.0,8418963.0
Weighted Average Shs Out (Dil),12749497.0,12688224.0,12664797.0,12631160.0,12614943.0,8461289.0,8457359.0,8457359.0,8443436.0,8418963.0
Dividend per Share,0.32,0.22,0.14,0.04,0.0,0.0,0.01,0.09,0.24,0.64
Gross Margin,1.0,1.0,1.0,1.0,1.0,1.0,1.0,1.0,1.0,1.0
EBITDA Margin,0.649,0.415,0.346,0.285,0.22,-0.56,-0.58,0.021,0.006,0.261
EBIT Margin,0.6089,0.3834,0.2997,0.2357,0.1709,-0.6572,-0.6939,-0.0413,-0.0546,0.225
Profit Margin,0.431,0.218,0.182,0.145,0.106,-0.392,-0.413,-0.024,-0.042,0.104
Free Cash Flow margin,0.296,0.3539,0.3454,0.2783,0.2339,0.7864,0.8351,0.5507,0.4701,0.2594
EBITDA,37597000.0,21434000.0,18348000.0,13950000.0,10424000.0,-13743000.0,-13555000.0,786000.0,246000.0,13565000.0
EBIT,35300000.0,19785000.0,15899000.0,11516000.0,8112000.0,-16135000.0,-16203000.0,-1555000.0,-2159000.0,11685000.0
Consolidated Income,24997000.0,11262000.0,9638000.0,7108000.0,5051000.0,-9634000.0,-9638000.0,-897000.0,-1667000.0,7273000.0
Earnings Before Tax Margin,0.6089,0.3834,0.2997,0.2357,0.1709,-0.6572,-0.6939,-0.0413,-0.0546,0.225
Net Profit Margin,0.4312,0.2183,0.1817,0.1455,0.1064,-0.3924,-0.4127,-0.0238,-0.0421,0.14
