date,,2020-12-31_FY,2019-12-31_FY,2018-12-31_FY,2017-12-31_FY,2016-12-31_FY,2015-12-31_FY,2014-12-31_FY,2013-12-31_FY,2012-12-31_FY,2011-12-31_FY,2010-12-31_FY,2009-12-31_FY,2008-12-31_FY,2007-12-31_FY,2006-12-31_FY,2005-12-31_FY,2004-12-31_FY,2003-12-31_FY,2002-12-31_FY,2001-12-31_FY,2000-12-31_FY,1999-12-31_FY,1998-12-31_FY,1997-12-31_FY,1996-12-31_FY,1995-12-31_FY,1994-12-31_FY,1993-12-31_FY,1992-12-31_FY
,revenue,220775000.0,633906000.0,630854000.0,611991000.0,535288000.0,342485000.0,326946000.0,308942000.0,288075000.0,251145000.0,194889000.0,160616000.0,144424000.0,141183000.0,169195000.0,146391000.0,120974000.0,105861000.0,92957000.0,88715000.0,59728000.0,42239000.0,35594025.0,30970348.0,25429854.0,21919150.0,20229178.0,18300000.0,17400000.0
,costOfRevenue,88203000.0,264667000.0,257981000.0,211507000.0,193520000.0,121330000.0,129743000.0,125140000.0,117407000.0,106640000.0,74473000.0,54032000.0,43774000.0,48210000.0,71656000.0,60299000.0,52013000.0,44573000.0,42996000.0,37561000.0,24577000.0,2455000.0,6777709.0,2572734.0,5395049.0,3773453.0,3553722.0,2800000.0,2800000.0
,grossProfit,132572000.0,369239000.0,372873000.0,400484000.0,341768000.0,221155000.0,197203000.0,183802000.0,170668000.0,144505000.0,120416000.0,106584000.0,100650000.0,92973000.0,97539000.0,86092000.0,68961000.0,61288000.0,49961000.0,51154000.0,35151000.0,39784000.0,28816316.0,28397614.0,20034805.0,18145697.0,16675456.0,15500000.0,14600000.0
,grossProfitRatio,0.600484656324312,0.582482260776834,0.591060689161042,0.654395244374509,0.638474989164711,0.645736309619399,0.60316688382791,0.594940150578426,0.592442940206543,0.575384737900416,0.617869659139305,0.663595158639239,0.696906331357669,0.658528293066446,0.576488666922781,0.588096262748393,0.570048109511135,0.57894786559734,0.537463558419484,0.576610494279434,0.588517948031074,0.941878358862662,0.809582956690062,0.916929122010511,0.7878458523592,0.827846745882026,0.824326920253507,0.846994535519126,0.839080459770115
,,,,,,,,,,,,,,,,,,,,,,,,,,,,,,,,,,,,,,,,,,,,,,,,,,,,,,,,,,,,,,,,,,,,,,,,,,,,,,,,,,,,,,,,,,,,,,,,,,,,,
COST And EXPENSES,,,,,,,,,,,,,,,,,,,,,,,,,,,,,,,,,,,,,,,,,,,,,,,,,,,,,,,,,,,,,,,,,,,,,,,,,,,,,,,,,,,,,,,,,,,,,,,,,,,,,
,ResearchAndDevelopmentExpenses,0.0,0.0,0.0,0.0,0.0,0.0,0.0,0.0,0.0,0.0,0.0,0.0,0.0,0.0,0.0,0.0,0.0,0.0,0.0,0.0,0.0,0.0,0.0,0.0,0.0,0.0,0.0,0.0,0.0
,GeneralAndAdministrativeExpenses,0.0,112540000.0,113222000.0,165937000.0,133325000.0,76367000.0,69370000.0,67673000.0,60646000.0,56445000.0,45549000.0,31127000.0,28570000.0,32590000.0,49075000.0,44334000.0,30316000.0,26029000.0,26141000.0,17558000.0,11647000.0,18974000.0,0.0,0.0,0.0,0.0,0.0,0.0,0.0
,SellingAndMarketingExpenses,0.0,0.0,0.0,0.0,0.0,0.0,0.0,0.0,0.0,0.0,0.0,0.0,0.0,0.0,0.0,0.0,0.0,0.0,0.0,0.0,0.0,0.0,0.0,0.0,0.0,0.0,0.0,0.0,0.0
,otherExpenses,48703000.0,0.0,0.0,0.0,0.0,0.0,0.0,0.0,0.0,0.0,0.0,0.0,0.0,0.0,0.0,0.0,0.0,0.0,0.0,0.0,0.0,0.0,0.0,0.0,0.0,0.0,0.0,0.0,0.0
,operatingExpenses,133719000.0,272193000.0,279627000.0,342944000.0,277010000.0,147069000.0,135260000.0,128395000.0,125058000.0,112215000.0,88179000.0,63757000.0,55004000.0,61788000.0,76365000.0,66716000.0,49336000.0,42660000.0,40623000.0,29392000.0,18965000.0,26177000.0,18312075.0,20030580.0,12090154.0,9254015.0,8181301.306,8700000.0,7700000.0
,costAndExpenses,221922000.0,536860000.0,537608000.0,554451000.0,470530000.0,268399000.0,265003000.0,253535000.0,242465000.0,218855000.0,162652000.0,117789000.0,98778000.0,109998000.0,148021000.0,127015000.0,101349000.0,87233000.0,83619000.0,66953000.0,43542000.0,28632000.0,25089784.0,22603314.0,17485203.0,13027468.0,11735023.306,11500000.0,10500000.0
,interestExpense,0.0,29468000.0,34847000.0,38237000.0,25102000.0,7355000.0,8148000.0,8468000.0,7850000.0,8289000.0,4716000.0,1361000.0,1009000.0,1873000.0,2362000.0,3076000.0,3129000.0,3510000.0,4195000.0,4127000.0,2684000.0,0.0,1501729.0,0.0,803300.0,685971.0,658908.0,-600000.0,-700000.0
,,,,,,,,,,,,,,,,,,,,,,,,,,,,,,,,,,,,,,,,,,,,,,,,,,,,,,,,,,,,,,,,,,,,,,,,,,,,,,,,,,,,,,,,,,,,,,,,,,,,,
EBITDA,,,,,,,,,,,,,,,,,,,,,,,,,,,,,,,,,,,,,,,,,,,,,,,,,,,,,,,,,,,,,,,,,,,,,,,,,,,,,,,,,,,,,,,,,,,,,,,,,,,,,
,depreciationAndAmortization,48703000.0,159653000.0,166405000.0,177007000.0,143685000.0,70702000.0,65890000.0,60722000.0,64412000.0,55770000.0,42630000.0,32630000.0,26434000.0,29198000.0,27290000.0,22382000.0,19020000.0,16631000.0,14482000.0,11834000.0,7318000.0,6712000.0,5429815.0,4681858.0,3529554.0,2864521.0,2730938.0,2500000.0,2300000.0
,EBITDA,174840000.0,260160000.0,263364000.0,228501000.0,170732000.0,146647000.0,130072000.0,118654000.0,100573000.0,87719000.0,78776000.0,66548000.0,69517000.0,62845000.0,59944000.0,42909000.0,38470000.0,57519000.0,21087000.0,42294000.0,25851000.0,16937000.0,16133961.0,11755052.0,12149029.0,13354133.0,10818506.0,9000000.0,7800000.0
,EBITDARatio,0.791937492922659,0.410407852268317,0.417472188493693,0.373373137840262,0.318953535293151,0.428185175993109,0.397839398555113,0.384065617494546,0.349120888657468,0.349276314479683,0.404209575707197,0.414329830153907,0.481339666537418,0.445131496001643,0.354289429356659,0.293112281492715,0.318002215352059,0.543344574489189,0.226846821648719,0.476740122865355,0.432812081435842,0.400980136840361,0.453277228411229,0.379558279422627,0.477746706685772,0.609245020906376,0.534797113357745,0.491803278688525,0.448275862068966
,,,,,,,,,,,,,,,,,,,,,,,,,,,,,,,,,,,,,,,,,,,,,,,,,,,,,,,,,,,,,,,,,,,,,,,,,,,,,,,,,,,,,,,,,,,,,,,,,,,,,
INCOME,,,,,,,,,,,,,,,,,,,,,,,,,,,,,,,,,,,,,,,,,,,,,,,,,,,,,,,,,,,,,,,,,,,,,,,,,,,,,,,,,,,,,,,,,,,,,,,,,,,,,
,operatingIncome,-1147000.0,97046000.0,93246000.0,57540000.0,64758000.0,74086000.0,61943000.0,55407000.0,45610000.0,32290000.0,32237000.0,42827000.0,45646000.0,31185000.0,21174000.0,19376000.0,19625000.0,18628000.0,9338000.0,21762000.0,16186000.0,13607000.0,10504241.0,8367034.0,7944651.0,8891682.0,8494154.694,6900000.0,6900000.0
,operatingIncomeRatio,0.00924017665043596,0.153092098828533,0.147809160281143,0.0940209905047623,0.120977866120668,0.216318962874286,0.189459421433509,0.179344342951104,0.158326824611646,0.128571144159748,0.165412106378503,0.266642177616178,0.316055503240459,0.220883534136546,0.125145542125949,0.132357863529862,0.162224940896391,0.175966597708316,0.100455049108728,0.245302372766725,0.270995178140905,0.322143043159166,0.295112480254762,0.27016273759662,0.312414337888059,0.405658157364679,0.419896186290911,0.377049180327869,0.396551724137931
,totalOtherIncomeExpensesNet,-3187000.0,26007000.0,31134000.0,44283000.0,62813000.0,5496000.0,5909000.0,5943000.0,16999000.0,8085000.0,164000.0,278000.0,1648000.0,-589000.0,-9195000.0,1925000.0,3304000.0,3563000.0,14340000.0,-9097000.0,337000.0,3382000.0,165604.0,208099.0,-540838.0,-1446617.0,672177.694,-300000.0,700000.0
,incomeBeforeTax,2040000.0,71039000.0,62112000.0,13257000.0,1945000.0,68590000.0,56034000.0,49464000.0,28611000.0,24205000.0,32073000.0,42549000.0,43998000.0,31774000.0,30369000.0,17451000.0,16321000.0,15065000.0,-5002000.0,30859000.0,15849000.0,10225000.0,10338637.0,8158935.0,8485489.0,10338299.0,7821977.0,7200000.0,6200000.0
,incomeBeforeTaxRatio,0.00924017665043596,0.112065511290317,0.0984570122405501,0.0216620832659304,0.00363355800989374,0.200271544739186,0.171386100456956,0.160107722485127,0.099317885967196,0.096378586075773,0.164570601727137,0.264911341335857,0.304644657397662,0.225055424519949,0.17949111971394,0.119208148041888,0.134913287152611,0.142309254588564,-0.0538098260486031,0.347844220255876,0.265352933297616,0.242074859726793,0.290459901626748,0.263443439511884,0.333682175288934,0.471656017683167,0.386668059374434,0.39344262295082,0.35632183908046
,incomeTaxExpense,-586000.0,16104000.0,15517000.0,-53133000.0,2840000.0,27726000.0,22151000.0,19878000.0,12008000.0,10667000.0,13355000.0,17465000.0,17669000.0,12971000.0,12370000.0,6716000.0,6078000.0,5304000.0,-2109000.0,9961000.0,5994000.0,3797000.0,3598642.0,2593631.0,2821586.0,3572956.0,2577641.0,2500000.0,2200000.0
,netIncome,126723000.0,54935000.0,46595000.0,66390000.0,-895000.0,40864000.0,33883000.0,29586000.0,16303000.0,12993000.0,18075000.0,15092000.0,24405000.0,18803000.0,17922000.0,10735000.0,10243000.0,32074000.0,4519000.0,16372000.0,9855000.0,6428000.0,5603775.0,4479563.0,4994589.0,6230685.0,4851019.0,4600000.0,4000000.0
,netIncomeRatio,0.573991620428038,0.0866611137928967,0.073860195861483,0.108481987480208,-0.00167199713051666,0.119316174430997,0.103634851015152,0.0957655482258806,0.0565929011542133,0.0517350534551753,0.0927451010575251,0.0939632415201474,0.168981609704758,0.133181757010405,0.105925115990425,0.0733310107861822,0.0846710863491329,0.30298221252397,0.0486138752326344,0.184546018148002,0.164997990892044,0.152181633087905,0.15743583368276,0.144640383117426,0.196406514956791,0.284257601229975,0.239803070594366,0.251366120218579,0.229885057471264
,,,,,,,,,,,,,,,,,,,,,,,,,,,,,,,,,,,,,,,,,,,,,,,,,,,,,,,,,,,,,,,,,,,,,,,,,,,,,,,,,,,,,,,,,,,,,,,,,,,,,
EPS,,,,,,,,,,,,,,,,,,,,,,,,,,,,,,,,,,,,,,,,,,,,,,,,,,,,,,,,,,,,,,,,,,,,,,,,,,,,,,,,,,,,,,,,,,,,,,,,,,,,,
,EPS,2.54,1.10286884423119,0.94,1.35,-0.02,0.84,0.705,0.616349318778384,0.0034,0.275,0.38,0.32,0.518306927749225,0.40237534774235,0.386667,0.233333,0.225,0.705,0.1,0.3625,0.218333,0.1425,0.124167,0.099167,0.110833,0.138333,0.1075,0.102,0.08869
,EPSDiluted,2.53,1.0964851000978,0.93,1.33,-0.02,0.83,0.695,0.613435620982791,0.0034,0.275,0.38,0.32,0.516857977889788,0.400114908286164,0.383333,0.231667,0.223333,0.703333,0.1,0.361667,0.2175,0.1425,0.124167,0.099167,0.110833,0.138333,0.1075,0.102,0.08869
,weightedAverageShsOut,49901000.0,49811000.0,49542000.0,49150000.0,48807000.0,48388000.0,48198000.0,48002000.0,47924000.0,47247273.0,47565789.0,47162500.0,47086000.0,46730000.0,46314000.0,45954000.0,45666000.0,45462000.0,45252000.0,45132000.0,45084000.0,45069120.0,45076656.0,45129120.0,45129120.0,45129120.0,45129120.0,45100000.0,45100000.0
,weightedAverageShsOutDil,50024000.0,50101000.0,50063000.0,50026000.0,48807000.0,49024000.0,48720000.0,48230000.0,47924000.0,47247273.0,47565789.0,47162500.0,47218000.0,46994000.0,46662000.0,46218000.0,45942000.0,45648000.0,45252000.0,45288000.0,45310345.0,45069120.0,45076656.0,45129120.0,45129120.0,45129120.0,45129120.0,45100000.0,45100000.0
