Date,2018-12-31,2017-12-31,2016-12-31,2015-12-31,2014-12-31,2013-12-31,2012-12-31,2011-12-31,2010-12-31,2009-12-31
Revenue,18651525.0,13448752.0,11541702.0,9184307.0,7499497.0,5753929.0,5353550.0,4279243.0,2735752.0,1549190.0
Revenue Growth,0.3869,0.1652,0.2567,0.2247,0.3034,0.0748,0.2511,0.5642,0.7659,
Cost of Revenue,5798269.0,4996745.0,4462440.0,2781691.0,1715613.0,1049325.0,1081330.0,822790.0,639241.0,418500.0
Gross Profit,12853256.0,8452007.0,7079262.0,6402616.0,5783884.0,4704604.0,4272220.0,3456453.0,2096511.0,1130690.0
R&D Expenses,4298031.0,2883714.0,2308650.0,1733951.0,803427.0,234581.0,403303.0,351090.0,225392.0,176189.0
SG&A Expense,16450778.0,12023943.0,9758851.0,9044639.0,4969578.0,2528673.0,2155315.0,1529234.0,1128779.0,845281.0
Operating Expenses,21717370.0,15435125.0,14887147.0,13597592.0,6058076.0,2763486.0,2558618.0,1880324.0,1354171.0,1021470.0
Operating Income,-8864114.0,-6983118.0,-7807885.0,-7194976.0,-274192.0,1941118.0,1713602.0,1576129.0,742340.0,109220.0
Interest Expense,0.0,0.0,0.0,0.0,0.0,0.0,0.0,0.0,0.0,0.0
Earnings before Tax,-9809816.0,-6773943.0,3081822.0,-8604711.0,-972470.0,1941118.0,1713602.0,1576129.0,743650.0,109286.0
Income Tax Expense,-330994.0,-2104108.0,-1869188.0,-360409.0,-131258.0,668155.0,643995.0,670497.0,348749.0,38404.0
Net Income - Non-Controlling int,0.0,0.0,0.0,0.0,0.0,0.0,0.0,0.0,0.0,0.0
Net Income - Discontinued ops,0.0,0.0,-10666985.0,-1377632.0,0.0,0.0,0.0,0.0,0.0,0.0
Net Income,-9478822.0,-4669835.0,4951010.0,-8244302.0,-841212.0,1272963.0,1069607.0,905632.0,394901.0,70882.0
Preferred Dividends,0.0,0.0,0.0,0.0,0.0,0.0,0.0,0.0,0.0,0.0
Net Income Com,-9478822.0,-4669835.0,4951010.0,-8244302.0,-841212.0,1272963.0,1069607.0,905632.0,394901.0,70882.0
EPS,-1.11,-0.56,-0.72,-1.51,-0.17,0.42,0.37,0.35,0.15,0.05
EPS Diluted,-1.11,-0.56,-0.72,-1.51,-0.17,0.41,0.37,0.3,0.15,0.05
Weighted Average Shs Out,8589474.0,8433581.0,8358475.0,7233050.0,5447543.0,3066328.0,2941450.0,2768300.0,2768000.0,
Weighted Average Shs Out (Dil),8512297.0,8395319.0,7895197.0,6354134.0,4913903.0,3004541.0,2882437.0,2754713.0,2688000.0,2688000.0
Dividend per Share,0.0,0.0,0.0,0.0,0.6,0.083,0.046,0.0,0.0,0.0
Gross Margin,0.6891,0.6285,0.6134,0.6971,0.7712,0.8176,0.798,0.8077,0.7663,0.7299
EBITDA Margin,-0.478,-0.444,0.525,-0.763,-0.073,0.355,0.326,0.37,0.273,0.072
EBIT Margin,-0.526,-0.5037,0.267,-0.9369,-0.1297,0.3374,0.3201,0.3683,0.2718,0.0705
Profit Margin,-0.508,-0.347,0.429,-0.898,-0.112,0.221,0.2,0.212,0.144,0.046
Free Cash Flow margin,-0.242,-0.3145,-0.6519,-0.2129,0.0487,0.2887,0.1546,0.3017,0.1712,0.0701
EBITDA,-8917583.0,-5966369.0,6060620.0,-7006679.0,-547769.0,2043431.0,1746511.0,1582350.0,746778.0,111676.0
EBIT,-9809816.0,-6773943.0,3081822.0,-8604711.0,-972470.0,1941118.0,1713602.0,1576129.0,743650.0,109286.0
Consolidated Income,-9478822.0,-4669835.0,4951010.0,-8244302.0,-841212.0,1272963.0,1069607.0,905632.0,394901.0,70882.0
Earnings Before Tax Margin,-0.526,-0.5037,0.267,-0.9369,-0.1297,0.3374,0.3201,0.3683,0.2718,0.0705
Net Profit Margin,-0.5082,-0.3472,0.429,-0.8977,-0.1122,0.2212,0.1998,0.2116,0.1443,0.0458
