date,,2021-01-30_FY,2020-02-01_FY,2019-02-02_FY,2018-02-03_FY,2017-01-28_FY,2016-01-30_FY,2015-01-31_FY,2014-02-01_FY,2013-02-02_FY,2012-01-28_FY,2011-01-29_FY,2010-01-30_FY,2009-01-31_FY,2008-02-02_FY,2007-02-03_FY,2006-01-28_FY,2005-01-29_FY,2004-01-31_FY,2003-02-01_FY,2002-02-02_FY,2001-01-27_FY,2000-01-29_FY,1999-01-30_FY,1998-01-31_FY,1997-01-31_FY,1996-01-31_FY,1995-01-31_FY,1994-01-31_FY,1993-01-31_FY,1992-01-31_FY,1991-01-31_FY,1990-01-31_FY,1989-01-31_FY,1988-01-31_FY,1987-01-31_FY
,revenue,5226000000.0,6137100000.0,6247100000.0,6253000000.0,6408400000.0,6550200000.0,5736300000.0,4209200000.0,3983400000.0,3749200000.0,3437400000.0,3290700000.0,3344299378.0,3665300000.0,3516400000.0,3169300000.0,2965100000.0,2951067000.0,2439700000.0,2267200000.0,2082400000.0,1836500000.0,1643600000.0,1515200000.0,1443800000.0,1354500000.0,1459600000.0,1489400000.0,1373900000.0,1981300000.0,2191600000.0,1508400000.0,1112500000.0,636100000.0,239400000.0
,costOfRevenue,3494000000.0,3904200000.0,4024100000.0,4063000000.0,4047600000.0,4109800000.0,3662100000.0,2628700000.0,2446000000.0,2311600000.0,2194500000.0,2213800000.0,2264199560.0,3264800000.0,3055200000.0,2742500000.0,2442000000.0,2354904000.0,2020300000.0,1893900000.0,1739600000.0,1538900000.0,1398700000.0,1253900000.0,1210900000.0,1146900000.0,1266100000.0,1291800000.0,1238000000.0,1787900000.0,1784000000.0,1194200000.0,922000000.0,521900000.0,193600000.0
,grossProfit,1732000000.0,2232900000.0,2223000000.0,2190000000.0,2360800000.0,2440400000.0,2074200000.0,1580500000.0,1537400000.0,1437600000.0,1242900000.0,1076900000.0,1080099818.0,400500000.0,461200000.0,426800000.0,523100000.0,596163000.0,419400000.0,373200000.0,342800000.0,297700000.0,244900000.0,261300000.0,232900000.0,207600000.0,193500000.0,197600000.0,135900000.0,193400000.0,407600000.0,314200000.0,190500000.0,114200000.0,45800000.0
,grossProfitRatio,0.331419823957137,0.363836339639243,0.355845112132029,0.350231888693427,0.368391486174396,0.372568776525908,0.361591966947335,0.37548702841395,0.385951699553146,0.383441800917529,0.361581427823355,0.327255599112651,0.322967442778982,0.109267999890868,0.131156864975543,0.134666961158615,0.176419007790631,0.202016084351863,0.171906381932205,0.164608327452364,0.164617748751441,0.162101824121971,0.149002190313945,0.172452481520591,0.161310430807591,0.153266888150609,0.132570567278707,0.132670874177521,0.0989154960331902,0.09761267854439,0.185982843584596,0.208300185627155,0.17123595505618,0.179531520201226,0.191311612364244
,,,,,,,,,,,,,,,,,,,,,,,,,,,,,,,,,,,,,,,,,,,,,,,,,,,,,,,,,,,,,,,,,,,,,,,,,,,,,,,,,,,,,,,,,,,,,,,,,,,,,
COST And EXPENSES,,,,,,,,,,,,,,,,,,,,,,,,,,,,,,,,,,,,,,,,,,,,,,,,,,,,,,,,,,,,,,,,,,,,,,,,,,,,,,,,,,,,,,,,,,,,,,,,,,,,,
,ResearchAndDevelopmentExpenses,0.0,0.0,0.0,0.0,0.0,0.0,0.0,0.0,0.0,0.0,0.0,0.0,0.0,0.0,0.0,0.0,0.0,0.0,0.0,0.0,0.0,0.0,0.0,0.0,0.0,0.0,0.0,0.0,0.0,0.0,0.0,0.0,0.0,0.0,0.0
,GeneralAndAdministrativeExpenses,-1587000000.0,1886000000.0,1974100000.0,1764800000.0,1851800000.0,1987600000.0,0.0,1196700000.0,1138300000.0,1056700000.0,980400000.0,916500000.0,0.0,158000000.0,140400000.0,134000000.0,121000000.0,0.0,91300000.0,84900000.0,74600000.0,72900000.0,75300000.0,69300000.0,0.0,0.0,0.0,0.0,0.0,0.0,0.0,0.0,0.0,0.0,0.0
,SellingAndMarketingExpenses,0.0,0.0,0.0,0.0,0.0,0.0,0.0,0.0,0.0,0.0,0.0,0.0,282999710.0,0.0,0.0,0.0,0.0,0.0,0.0,0.0,0.0,0.0,0.0,0.0,0.0,0.0,0.0,0.0,0.0,0.0,0.0,0.0,0.0,0.0,0.0
,otherExpenses,0.0,26500000.0,126800000.0,4400000.0,6200000.0,-255400000.0,-2600000.0,-192200000.0,-1700000.0,-1100000.0,-400000.0,-400000.0,0.0,-108800000.0,-90500000.0,-83700000.0,0.0,0.0,0.0,0.0,0.0,0.0,0.0,0.0,0.0,0.0,0.0,0.0,0.0,0.0,0.0,0.0,0.0,0.0,0.0
,operatingExpenses,-1587000000.0,2074600000.0,2987600000.0,1610100000.0,1597600000.0,1736700000.0,1712900000.0,1010000000.0,976900000.0,930200000.0,870400000.0,801100000.0,850699248.0,49199999.9999998,49900000.0000001,50199999.9999998,121000000.0,116787000.0,91300000.0,84899999.9999999,74600000.0000001,72800000.0,75300000.0,113100000.0,0.0,0.0,0.0,0.0,0.0,0.0,0.0,0.0,0.0,0.0,0.0
,costAndExpenses,1907000000.0,5978800000.0,7011700000.0,5673100000.0,5645200000.0,5846500000.0,5375000000.0,3638700000.0,3422900000.0,3241800000.0,3064900000.0,3014900000.0,3114898808.0,3314000000.0,3105100000.0,2792700000.0,2563000000.0,2471691000.0,2111600000.0,1978800000.0,1814200000.0,1611700000.0,1474000000.0,1367000000.0,1321300000.0,1257700000.0,1393400000.0,1564500000.0,1376900000.0,1978800000.0,1927500000.0,1290900000.0,951000000.0,542100000.0,201200000.0
,interestExpense,32000000.0,35600000.0,39700000.0,52700000.0,49400000.0,45900000.0,36000000.0,4000000.0,3600000.0,5300000.0,72800000.0,-34000000.0,32799732.0,-17800000.0,-15200000.0,-14100000.0,-18000000.0,0.0,-25000000.0,-25700000.0,-23900000.0,-18400000.0,-21700000.0,0.0,0.0,0.0,0.0,0.0,0.0,0.0,0.0,0.0,0.0,0.0,0.0
,,,,,,,,,,,,,,,,,,,,,,,,,,,,,,,,,,,,,,,,,,,,,,,,,,,,,,,,,,,,,,,,,,,,,,,,,,,,,,,,,,,,,,,,,,,,,,,,,,,,,
EBITDA,,,,,,,,,,,,,,,,,,,,,,,,,,,,,,,,,,,,,,,,,,,,,,,,,,,,,,,,,,,,,,,,,,,,,,,,,,,,,,,,,,,,,,,,,,,,,,,,,,,,,
,depreciationAndAmortization,176000000.0,178000000.0,183600000.0,203400000.0,188800000.0,175300000.0,126000000.0,110200000.0,99400000.0,92400000.0,97800000.0,108900000.0,0.0,114100000.0,93400000.0,83600000.0,77700000.0,73722000.0,57400000.0,49900000.0,45900000.0,44900000.0,45800000.0,43800000.0,39400000.0,40600000.0,44700000.0,54700000.0,55200000.0,110400000.0,57500000.0,38700000.0,29000000.0,15600000.0,5900000.0
,EBITDA,178000000.0,336300000.0,-581000000.0,783300000.0,952000000.0,879000000.0,487300000.0,680700000.0,659900000.0,599800000.0,470300000.0,384700000.0,347500370.0,465400000.0,504600000.0,460200000.0,479700000.0,553098000.0,385400000.0,338200000.0,314100000.0,269700000.0,215400000.0,192000000.0,161900000.0,137400000.0,110900000.0,-20400000.0,52200000.0,112900000.0,321600000.0,256200000.0,190500000.0,109600000.0,44100000.0
,EBITDARatio,0.0340604668962878,0.0547978687002004,-0.0930031534632069,0.125267871421718,0.148555021534236,0.134194375744252,0.0849502292418458,0.161717190915138,0.165662499372395,0.159980795903126,0.136818525629837,0.116905217734828,0.103908272173832,0.126974599623496,0.143499033102036,0.145205565897832,0.161782064685845,0.187423057490731,0.157970242242899,0.149170783345095,0.150835574337303,0.146855431527362,0.131053784375761,0.126715945089757,0.11213464468763,0.101439645625692,0.075979720471362,-0.0136967906539546,0.0379940315889075,0.0569827890778782,0.146742106223763,0.169848846459825,0.17123595505618,0.172299952837604,0.184210526315789
,,,,,,,,,,,,,,,,,,,,,,,,,,,,,,,,,,,,,,,,,,,,,,,,,,,,,,,,,,,,,,,,,,,,,,,,,,,,,,,,,,,,,,,,,,,,,,,,,,,,,
INCOME,,,,,,,,,,,,,,,,,,,,,,,,,,,,,,,,,,,,,,,,,,,,,,,,,,,,,,,,,,,,,,,,,,,,,,,,,,,,,,,,,,,,,,,,,,,,,,,,,,,,,
,operatingIncome,2000000.0,158300000.0,-764600000.0,579900000.0,763200000.0,703700000.0,361300000.0,570500000.0,560500000.0,507400000.0,372500000.0,275800000.0,229400570.0,351300000.0,411200000.0,376600000.0,402000000.0,479376000.0,328000000.0,288300000.0,268200000.0,224800000.0,169600000.0,148200000.0,122500000.0,96800000.0,66200000.0,-75100000.0,-3000000.0,2500000.0,264100000.0,217500000.0,161500000.0,94000000.0,38200000.0
,operatingIncomeRatio,0.000382701875239189,0.0257939417640254,-0.122392790254678,0.0927394850471774,0.119093689532489,0.107431834142469,0.0629848508620539,0.135536443979854,0.140708942109755,0.13533553824816,0.108366788852039,0.0838119549032121,0.0685945078688467,0.0958448148855482,0.11693777727221,0.11882750134099,0.135577214933729,0.162441584687843,0.134442759355658,0.127161256175018,0.128793699577411,0.122406751973863,0.103188123631054,0.0978088701161563,0.084845546474581,0.0714654854189738,0.0453548917511647,-0.0504229891231368,-0.00218356503384526,0.001261797809519,0.120505566709254,0.144192521877486,0.145168539325843,0.147775506995755,0.159565580618212
,totalOtherIncomeExpensesNet,2000000.0,7000000.0,1700000.0,0.0,0.0,0.0,-2600000.0,-192200000.0,-1700000.0,-1100000.0,-400000.0,-400000.0,-526700594.0,-108800000.0,-90500000.0,-83700000.0,2200000.0,0.0,0.0,0.0,0.0,0.0,0.0,0.0,-32500000.0,-54000000.0,-37100000.0,-31700000.0,-8300000.0,-145900000.0,15800000.0,37700000.0,18000000.0,7400000.0,700000.0
,incomeBeforeTax,-89000000.0,129700000.0,-802600000.0,527200000.0,713800000.0,657800000.0,540600000.0,566500000.0,556900000.0,502100000.0,300400000.0,241800000.0,-326500524.0,333500000.0,396000000.0,362500000.0,386200000.0,386675000.0,303000000.0,262600000.0,244400000.0,206400000.0,147900000.0,112300000.0,29800000.0,-25800000.0,-32300000.0,-170500000.0,-59400000.0,-214700000.0,220400000.0,204000000.0,150600000.0,88600000.0,32600000.0
,incomeBeforeTaxRatio,-0.0170302334481439,0.0211337602450669,-0.128475612684286,0.0843115304653766,0.11138505711254,0.100424414521694,0.0942419329532974,0.13458614463556,0.139805191544911,0.133921903339379,0.087391633211148,0.0734798067280518,-0.0976289760862432,0.090988459334843,0.112615174610397,0.114378569400183,0.130248558227378,0.131028878707261,0.124195597819404,0.115825688073394,0.117364579331541,0.11238769398312,0.0899853979070333,0.0741156282998944,0.0206399778362654,-0.019047619047619,-0.0221293505069882,-0.114475627769572,-0.0432345876701361,-0.108363195881492,0.100565796678226,0.135242641209228,0.135370786516854,0.139286275742808,0.136173767752715
,incomeTaxExpense,0.0,24200000.0,-145200000.0,7900000.0,170600000.0,189900000.0,159300000.0,198500000.0,197000000.0,177700000.0,100000000.0,77700000.0,67200084.0,118300000.0,133200000.0,125900000.0,126900000.0,136313000.0,107400000.0,90700000.0,78200000.0,61900000.0,39800000.0,29200000.0,17900000.0,11400000.0,9200000.0,-1500000.0,-21500000.0,6400000.0,71600000.0,71400000.0,55700000.0,32200000.0,11100000.0
,netIncome,-15000000.0,105500000.0,-657400000.0,519300000.0,543200000.0,467900000.0,381300000.0,368000000.0,359900000.0,324400000.0,200400000.0,164100000.0,-393700608.0,219800000.0,249600000.0,239100000.0,252500000.0,250363000.0,194700000.0,146100000.0,145800000.0,103900000.0,82200000.0,83100000.0,11900000.0,-37200000.0,-41500000.0,-169000000.0,-37900000.0,-221100000.0,148800000.0,132600000.0,94900000.0,56400000.0,21500000.0
,netIncomeRatio,-0.00287026406429392,0.0171905297290251,-0.105232828032207,0.0830481368942907,0.0847637475812996,0.0714329333455467,0.0664714188588463,0.0874275396749976,0.0903499523020535,0.0865251253600768,0.0582998778146273,0.0498678092807002,-0.117722896039124,0.0599678061823043,0.0709816858150381,0.0754425267409207,0.0851573302755388,0.0848381280397904,0.0798048940443497,0.0644407198306281,0.0700153668843642,0.0565750068064253,0.0500121684108056,0.0548442449841605,0.00824213880038786,-0.0274640088593577,-0.0284324472458208,-0.113468510809722,-0.0275857049275784,-0.111593398273861,0.0678956013871144,0.0879077167859984,0.0853033707865169,0.0886653041974532,0.0898078529657477
,,,,,,,,,,,,,,,,,,,,,,,,,,,,,,,,,,,,,,,,,,,,,,,,,,,,,,,,,,,,,,,,,,,,,,,,,,,,,,,,,,,,,,,,,,,,,,,,,,,,,
EPS,,,,,,,,,,,,,,,,,,,,,,,,,,,,,,,,,,,,,,,,,,,,,,,,,,,,,,,,,,,,,,,,,,,,,,,,,,,,,,,,,,,,,,,,,,,,,,,,,,,,,
,EPS,-0.288461538461538,2.03668,-12.01828,7.43983,7.08214,5.87077,4.77,4.5601,4.34662,3.72874,2.31944,1.91482,-4.62,2.55285,2.82673,2.74828,2.90564,0.097079,2.25347,1.7168,1.72544,1.22668,0.97741,0.64935,0.07992,-0.254412,-0.28638,-1.15218,-0.18648,-1.7649,0.98568,12.52746,11.3886,9.29736,5.54112
,EPSDiluted,-0.288461538461538,2.03668,-12.01828,7.43983,7.08214,5.87077,4.75,4.5601,4.34662,3.72874,2.31944,1.91482,-4.62,2.55285,2.82673,2.74828,2.90564,0.095865,2.25347,1.7168,1.72544,1.22668,0.97741,0.64935,0.07992,-0.254412,-0.28638,-1.15218,-0.18648,-1.7649,0.92574,11.26206,10.38294,8.51814,4.97502
,weightedAverageShsOut,52000000.0,52000000.0,54700000.0,69800000.0,76700000.0,79700000.0,79900000.0,80700000.0,82800000.0,87000000.0,86400000.0,85700000.0,85200000.0,86100000.0,88300000.0,87000000.0,86900000.0,859309310.0,86400000.0,85100000.0,84500000.0,84700000.0,84100000.0,44911441.0,14668168.0,14668168.0,14668168.0,14668168.0,14668168.0,14668168.0,14668168.0,10584747.0,14668168.0,14668168.0,14668168.0
,weightedAverageShsOutDil,52000000.0,52000000.0,54700000.0,69800000.0,76700000.0,79700000.0,80200000.0,80700000.0,82800000.0,87000000.0,86400000.0,85700000.0,85200000.0,86100000.0,88300000.0,87000000.0,86900000.0,865915915.0,86400000.0,85100000.0,84500000.0,84700000.0,84100000.0,44911441.0,14668168.0,14668168.0,14668168.0,14668168.0,14668168.0,14668168.0,14668168.0,11774045.0,14668168.0,14668168.0,14668168.0
