date,,2019-12-31_FY,2018-12-31_FY,2017-12-31_FY,2016-12-31_FY,2015-12-31_FY,2014-12-31_FY,2013-12-31_FY,2012-12-31_FY,2011-12-31_FY,2010-12-31_FY,2009-12-31_FY,2008-12-31_FY,2007-12-31_FY,2006-12-31_FY,2005-12-31_FY,2004-12-31_FY,2003-12-31_FY,2002-12-31_FY,2001-12-31_FY,2000-12-31_FY,1999-12-31_FY,1998-12-31_FY,1997-12-31_FY,1996-12-31_FY,1995-12-31_FY,1994-12-31_FY,1993-12-31_FY,1992-12-31_FY,1991-12-31_FY
,revenue,3259500000.0,2601022000.0,1940856000.0,1574751000.0,1449860000.0,1405024000.0,1350227000.0,935332000.0,908609000.0,665665000.0,479893000.0,528157000.0,602317000.0,493663000.0,416788000.0,340781000.0,263944000.0,262566000.0,333818000.0,519478000.0,264300000.0,169800000.0,124100000.0,98900000.0,86600000.0,65200000.0,59800000.0,58100000.0,47700000.0
,costOfRevenue,0.0,0.0,0.0,0.0,0.0,0.0,0.0,0.0,0.0,0.0,0.0,0.0,0.0,0.0,0.0,0.0,0.0,0.0,0.0,0.0,0.0,0.0,0.0,0.0,0.0,0.0,0.0,0.0,0.0
,grossProfit,0.0,0.0,0.0,0.0,0.0,0.0,0.0,0.0,0.0,0.0,0.0,0.0,0.0,0.0,0.0,0.0,0.0,0.0,0.0,0.0,0.0,0.0,0.0,0.0,0.0,0.0,0.0,0.0,0.0
,grossProfitRatio,0.0,0.0,0.0,0.0,0.0,0.0,0.0,0.0,0.0,0.0,0.0,0.0,0.0,0.0,0.0,0.0,0.0,0.0,0.0,0.0,0.0,0.0,0.0,0.0,0.0,0.0,0.0,0.0,0.0
,,,,,,,,,,,,,,,,,,,,,,,,,,,,,,,,,,,,,,,,,,,,,,,,,,,,,,,,,,,,,,,,,,,,,,,,,,,,,,,,,,,,,,,,,,,,,,,,,,,,,
COST And EXPENSES,,,,,,,,,,,,,,,,,,,,,,,,,,,,,,,,,,,,,,,,,,,,,,,,,,,,,,,,,,,,,,,,,,,,,,,,,,,,,,,,,,,,,,,,,,,,,,,,,,,,,
,ResearchAndDevelopmentExpenses,0.0,0.0,0.0,0.0,0.0,0.0,0.0,0.0,0.0,0.0,0.0,0.0,0.0,0.0,0.0,0.0,0.0,0.0,0.0,0.0,0.0,0.0,0.0,0.0,0.0,0.0,0.0,0.0,0.0
,GeneralAndAdministrativeExpenses,1107353000.0,837055000.0,710407000.0,609171000.0,561164000.0,489823000.0,431279000.0,384263000.0,356643000.0,293720000.0,214706000.0,193454000.0,213892000.0,188588000.0,163590000.0,155097000.0,122093000.0,105168000.0,90533000.0,123696000.0,75900000.0,44200000.0,40100000.0,31400000.0,27200000.0,23200000.0,18600000.0,12800000.0,11800000.0
,SellingAndMarketingExpenses,0.0,0.0,0.0,0.0,0.0,0.0,0.0,0.0,0.0,0.0,0.0,0.0,0.0,0.0,0.0,0.0,0.0,1025000.0,3126000.0,3445000.0,2300000.0,2200000.0,1400000.0,0.0,0.0,0.0,0.0,200000.0,300000.0
,otherExpenses,0.0,0.0,0.0,0.0,0.0,0.0,0.0,0.0,0.0,0.0,0.0,0.0,0.0,0.0,0.0,0.0,0.0,0.0,0.0,0.0,0.0,0.0,0.0,0.0,0.0,0.0,0.0,0.0,0.0
,operatingExpenses,1920000000.0,1352000000.0,1148000000.0,1009000000.0,916000000.0,802000000.0,711000000.0,621000000.0,546000000.0,511000000.0,483000000.0,484000000.0,431000000.0,368000000.0,277000000.0,0.0,0.0,0.0,0.0,0.0,0.0,0.0,0.0,0.0,0.0,0.0,0.0,0.0,0.0
,costAndExpenses,0.0,0.0,0.0,0.0,0.0,0.0,0.0,0.0,0.0,0.0,0.0,0.0,0.0,0.0,0.0,0.0,0.0,0.0,0.0,0.0,0.0,0.0,0.0,0.0,0.0,0.0,0.0,0.0,0.0
,interestExpense,212807000.0,75921000.0,44771000.0,42873000.0,40340000.0,35321000.0,32277000.0,30854000.0,39111000.0,43596000.0,49076000.0,67482000.0,62453000.0,35182000.0,17166000.0,11391000.0,13453000.0,17876000.0,37341000.0,56912000.0,76500000.0,78600000.0,55200000.0,37800000.0,27300000.0,14800000.0,13700000.0,19200000.0,29800000.0
,,,,,,,,,,,,,,,,,,,,,,,,,,,,,,,,,,,,,,,,,,,,,,,,,,,,,,,,,,,,,,,,,,,,,,,,,,,,,,,,,,,,,,,,,,,,,,,,,,,,,
EBITDA,,,,,,,,,,,,,,,,,,,,,,,,,,,,,,,,,,,,,,,,,,,,,,,,,,,,,,,,,,,,,,,,,,,,,,,,,,,,,,,,,,,,,,,,,,,,,,,,,,,,,
,depreciationAndAmortization,82717000.0,57906000.0,56123000.0,46819000.0,40008000.0,39696000.0,35894000.0,28122000.0,27490000.0,19259000.0,35392000.0,25057000.0,27028000.0,23870000.0,1674000.0,10917000.0,7610000.0,7850000.0,5717000.0,4016000.0,3300000.0,1800000.0,1300000.0,1200000.0,1900000.0,1500000.0,1500000.0,1100000.0,1200000.0
,EBITDA,0.0,0.0,0.0,0.0,0.0,0.0,0.0,0.0,0.0,0.0,0.0,0.0,0.0,0.0,0.0,0.0,0.0,0.0,0.0,0.0,0.0,0.0,0.0,0.0,0.0,0.0,0.0,0.0,0.0
,EBITDARatio,0.0,0.0,0.0,0.0,0.0,0.0,0.0,0.0,0.0,0.0,0.0,0.0,0.0,0.0,0.0,0.0,0.0,0.0,0.0,0.0,0.0,0.0,0.0,0.0,0.0,0.0,0.0,0.0,0.0
,,,,,,,,,,,,,,,,,,,,,,,,,,,,,,,,,,,,,,,,,,,,,,,,,,,,,,,,,,,,,,,,,,,,,,,,,,,,,,,,,,,,,,,,,,,,,,,,,,,,,
INCOME,,,,,,,,,,,,,,,,,,,,,,,,,,,,,,,,,,,,,,,,,,,,,,,,,,,,,,,,,,,,,,,,,,,,,,,,,,,,,,,,,,,,,,,,,,,,,,,,,,,,,
,operatingIncome,0.0,0.0,0.0,0.0,0.0,0.0,0.0,0.0,0.0,0.0,0.0,0.0,0.0,0.0,0.0,0.0,0.0,0.0,0.0,0.0,0.0,0.0,0.0,0.0,0.0,0.0,0.0,0.0,0.0
,operatingIncomeRatio,0.494064120263844,0.523989800932095,0.450647034092174,0.406793835977878,0.416298125336239,0.464388508666044,0.507453191204146,0.388185157783546,0.442302464536451,0.297775908302224,0.0955358798732217,0.253136851352912,0.349344282163711,0.313928732758987,0.367800896378974,0.308459098365226,0.0574705240505562,0.304978557772141,0.422841188911323,0.513929367557433,0.326144532727961,0.288574793875147,0.38436744560838,0.361981799797776,0.34526558891455,0.253067484662577,0.0451505016722408,-0.0636833046471601,0.446540880503145
,totalOtherIncomeExpensesNet,0.0,0.0,0.0,0.0,0.0,0.0,0.0,0.0,0.0,0.0,0.0,0.0,0.0,0.0,0.0,0.0,0.0,0.0,0.0,0.0,0.0,0.0,0.0,0.0,0.0,0.0,0.0,0.0,0.0
,incomeBeforeTax,1610402000.0,1362909000.0,874641000.0,640599000.0,603574000.0,652477000.0,685177000.0,363082000.0,401880000.0,198219000.0,45847000.0,133696000.0,210416000.0,154975000.0,153295000.0,105117000.0,15169000.0,80077000.0,141152000.0,266975000.0,86200000.0,49000000.0,47700000.0,35800000.0,29900000.0,16500000.0,2700000.0,-3700000.0,21300000.0
,incomeBeforeTaxRatio,0.494064120263844,0.523989800932095,0.450647034092174,0.406793835977878,0.416298125336239,0.464388508666044,0.507453191204146,0.388185157783546,0.442302464536451,0.297775908302224,0.0955358798732217,0.253136851352912,0.349344282163711,0.313928732758987,0.367800896378974,0.308459098365226,0.0574705240505562,0.304978557772141,0.422841188911323,0.513929367557433,0.326144532727961,0.288574793875147,0.38436744560838,0.361981799797776,0.34526558891455,0.253067484662577,0.0451505016722408,-0.0636833046471601,0.446540880503145
,incomeTaxExpense,425685000.0,351561000.0,355463000.0,250333000.0,228754000.0,173762000.0,139058000.0,113269000.0,119087000.0,61402000.0,35207000.0,55068000.0,86778000.0,65782000.0,60758000.0,39741000.0,3192000.0,26719000.0,52998000.0,107907000.0,34000000.0,20100000.0,20000000.0,14300000.0,11700000.0,7400000.0,1100000.0,-1500000.0,9000000.0
,netIncome,1136856000.0,973840000.0,490506000.0,382685000.0,343904000.0,263925000.0,215853000.0,175103000.0,171902000.0,94951000.0,48010000.0,78628000.0,123638000.0,89385000.0,92537000.0,65376000.0,11977000.0,53358000.0,88154000.0,159068000.0,52200000.0,28900000.0,27700000.0,21500000.0,18200000.0,9100000.0,1600000.0,-2200000.0,12300000.0
,netIncomeRatio,0.348782328578003,0.374406675529849,0.252726631960331,0.243013022376236,0.237198074296829,0.187843766369827,0.159864230236842,0.187209461453259,0.189192490939447,0.142640817828788,0.100043134615425,0.148872399684185,0.205270646520022,0.181064815471283,0.222024146568519,0.191841681314393,0.0453770496772043,0.203217476748703,0.26407803054359,0.306207385105818,0.197502837684449,0.17020023557126,0.2232070910556,0.217391304347826,0.210161662817552,0.139570552147239,0.0267558528428094,-0.0378657487091222,0.257861635220126
,,,,,,,,,,,,,,,,,,,,,,,,,,,,,,,,,,,,,,,,,,,,,,,,,,,,,,,,,,,,,,,,,,,,,,,,,,,,,,,,,,,,,,,,,,,,,,,,,,,,,
EPS,,,,,,,,,,,,,,,,,,,,,,,,,,,,,,,,,,,,,,,,,,,,,,,,,,,,,,,,,,,,,,,,,,,,,,,,,,,,,,,,,,,,,,,,,,,,,,,,,,,,,
,EPS,21.9,18.35,9.33,7.37,6.7,5.39,4.76,3.96,4.0,2.27,0.67,2.44,3.64,2.58,2.64,1.86,0.33,1.21,1.85,3.41,1.265,0.71,0.715,0.5525,0.495,0.28,0.05,-0.07,0.43
,EPSDiluted,21.73,18.11,9.2,7.31,6.62,5.31,4.7,3.91,3.94,2.24,0.66,2.33,3.37,2.38,2.4,1.74,0.32,1.18,1.79,3.23,1.23,0.69,0.68,0.5525,0.495,0.27,0.05,-0.07,0.43
,weightedAverageShsOut,51914703.0,53077952.0,52588266.0,51915397.0,51317863.0,48930625.0,45308606.0,44242002.0,43004451.0,41773652.0,33900956.0,32425307.0,33966484.0,34645349.0,35051894.0,35148387.0,36293939.0,44097521.0,47650811.0,46647507.0,41264822.0,40704225.0,38741259.0,38914027.0,36767677.0,32500000.0,32000000.0,31428571.0,28604651.0
,weightedAverageShsOutDil,52310657.0,53771457.0,53305899.0,52348957.0,51916408.0,49661547.0,45943686.0,44764395.0,43636871.0,42478340.0,34182771.0,34014581.0,36687834.0,37556723.0,38557083.0,37572414.0,37428125.0,45218644.0,49248045.0,49247059.0,42439024.0,41884058.0,40735294.0,38914027.0,36767677.0,33703704.0,32000000.0,31428571.0,28604651.0
