date,,2020-12-31_FY,2019-12-31_FY,2018-12-31_FY,2017-12-31_FY,2016-12-31_FY,2015-12-31_FY,2014-12-31_FY,2013-12-31_FY,2012-12-31_FY,2011-12-31_FY,2010-12-31_FY,2009-12-31_FY,2008-12-31_FY,2007-12-31_FY,2006-12-31_FY,2005-12-31_FY,2004-12-31_FY,2003-12-31_FY,2002-12-31_FY,2001-12-31_FY,2000-12-31_FY,1999-12-31_FY,1998-12-31_FY,1997-12-31_FY,1996-12-31_FY,1995-12-31_FY,1994-12-31_FY,1993-12-31_FY
,revenue,389991000.0,478348000.0,494681000.0,488234000.0,465834000.0,439369000.0,418558000.0,385009000.0,356997000.0,315223000.0,276303000.0,271685000.0,245391000.0,228765000.0,211711000.0,202799000.0,194553000.0,121972000.0,113167000.0,111068000.0,108821000.0,104016000.0,97766000.0,85271000.0,75500000.0,68600000.0,46000000.0,30300000.0
,costOfRevenue,137135000.0,157734000.0,160457000.0,155235000.0,152017000.0,146503000.0,137422000.0,121046000.0,111160000.0,100246000.0,93345000.0,88674000.0,81897000.0,0.0,0.0,0.0,0.0,0.0,0.0,0.0,0.0,0.0,0.0,0.0,0.0,0.0,0.0,0.0
,grossProfit,252856000.0,320614000.0,334224000.0,332999000.0,313817000.0,292866000.0,281136000.0,263963000.0,245837000.0,214977000.0,182958000.0,183011000.0,163494000.0,0.0,0.0,0.0,0.0,0.0,0.0,0.0,0.0,0.0,0.0,0.0,0.0,0.0,0.0,0.0
,grossProfitRatio,0.648363680187491,0.670252619431878,0.675635409486113,0.682047952416259,0.673667014430033,0.666560453741616,0.671677521394884,0.685602154754824,0.688624834382362,0.681983865390533,0.662164363036232,0.673614664041077,0.666259153758695,0.0,0.0,0.0,0.0,0.0,0.0,0.0,0.0,0.0,0.0,0.0,0.0,0.0,0.0,0.0
,,,,,,,,,,,,,,,,,,,,,,,,,,,,,,,,,,,,,,,,,,,,,,,,,,,,,,,,,,,,,,,,,,,,,,,,,,,,,,,,,,,,,,,,,,,,,,,,,,,,,
COST And EXPENSES,,,,,,,,,,,,,,,,,,,,,,,,,,,,,,,,,,,,,,,,,,,,,,,,,,,,,,,,,,,,,,,,,,,,,,,,,,,,,,,,,,,,,,,,,,,,,,,,,,,,,
,ResearchAndDevelopmentExpenses,0.0,0.0,0.0,0.0,0.0,0.0,0.0,0.0,0.0,158000.0,0.0,0.0,0.0,0.0,0.0,0.0,0.0,0.0,0.0,0.0,0.0,0.0,0.0,0.0,0.0,0.0,0.0,0.0
,GeneralAndAdministrativeExpenses,47733000.0,53790000.0,44167000.0,44004000.0,46696000.0,44469000.0,44469000.0,39119000.0,37452000.0,0.0,24553000.0,0.0,0.0,19007000.0,16707000.0,13848000.0,12820000.0,9561000.0,9228000.0,8231000.0,7366000.0,7298000.0,6669000.0,6145000.0,5467000.0,5100000.0,4400000.0,3100000.0
,SellingAndMarketingExpenses,0.0,0.0,0.0,0.0,0.0,0.0,0.0,0.0,0.0,0.0,0.0,0.0,0.0,0.0,0.0,0.0,0.0,0.0,0.0,0.0,0.0,0.0,0.0,0.0,0.0,0.0,0.0,0.0
,otherExpenses,925000.0,-2761000.0,864000.0,2724000.0,1028000.0,-36000.0,0.0,0.0,0.0,0.0,0.0,0.0,0.0,0.0,0.0,0.0,0.0,0.0,0.0,0.0,0.0,0.0,0.0,0.0,0.0,0.0,0.0,0.0
,operatingExpenses,164876000.0,177104000.0,175889000.0,171748000.0,162053000.0,148405000.0,146901000.0,134865000.0,136135000.0,114305000.0,102592000.0,113085000.0,84590000.0,157200000.0,142612000.0,126584000.0,124025000.0,78920000.0,74457000.0,71442000.0,69007000.0,62707000.0,57929000.0,50853000.0,45484000.0,0.0,0.0,0.0
,costAndExpenses,302011000.0,334838000.0,336346000.0,326983000.0,314070000.0,294908000.0,284323000.0,255911000.0,247295000.0,214551000.0,195937000.0,201759000.0,166487000.0,157200000.0,142612000.0,126584000.0,124025000.0,78920000.0,74457000.0,71442000.0,69007000.0,62707000.0,57929000.0,50853000.0,45484000.0,-37800000.0,-24300000.0,-14000000.0
,interestExpense,63142000.0,61672000.0,64821000.0,64825000.0,60669000.0,54188000.0,57931000.0,51616000.0,49814000.0,45382000.0,34120000.0,37683000.0,38443000.0,0.0,0.0,0.0,0.0,0.0,0.0,0.0,0.0,0.0,0.0,0.0,0.0,0.0,0.0,0.0
,,,,,,,,,,,,,,,,,,,,,,,,,,,,,,,,,,,,,,,,,,,,,,,,,,,,,,,,,,,,,,,,,,,,,,,,,,,,,,,,,,,,,,,,,,,,,,,,,,,,,
EBITDA,,,,,,,,,,,,,,,,,,,,,,,,,,,,,,,,,,,,,,,,,,,,,,,,,,,,,,,,,,,,,,,,,,,,,,,,,,,,,,,,,,,,,,,,,,,,,,,,,,,,,
,depreciationAndAmortization,117143000.0,123314000.0,131722000.0,127744000.0,115357000.0,103936000.0,102432000.0,95746000.0,98683000.0,84015000.0,78039000.0,80501000.0,62326000.0,63810000.0,57203000.0,48644000.0,51446000.0,29124000.0,28754000.0,28572000.0,26218000.0,24824000.0,22154000.0,18439000.0,16458000.0,15300000.0,8800000.0,5400000.0
,EBITDA,205123000.0,266824000.0,290057000.0,288995000.0,267121000.0,248397000.0,236667000.0,224844000.0,208385000.0,184687000.0,158405000.0,150427000.0,141230000.0,135375000.0,126302000.0,124859000.0,121974000.0,72176000.0,67464000.0,68198000.0,66032000.0,66133000.0,61991000.0,52857000.0,46474000.0,121700000.0,79100000.0,49700000.0
,EBITDARatio,0.525968547992133,0.557803105688745,0.586351608410268,0.591919038821549,0.573425297423546,0.565349398796911,0.565434181164856,0.583996737738598,0.583716389773584,0.585893161349267,0.573301773777339,0.553681653385354,0.575530479927952,0.591764474460691,0.596577409770867,0.615678578296737,0.62694484279348,0.591742367100646,0.596145519453551,0.614020239853063,0.606794644416059,0.63579641593601,0.634075240881288,0.619870764972851,0.615549668874172,1.77405247813411,1.7195652173913,1.64026402640264
,,,,,,,,,,,,,,,,,,,,,,,,,,,,,,,,,,,,,,,,,,,,,,,,,,,,,,,,,,,,,,,,,,,,,,,,,,,,,,,,,,,,,,,,,,,,,,,,,,,,,
INCOME,,,,,,,,,,,,,,,,,,,,,,,,,,,,,,,,,,,,,,,,,,,,,,,,,,,,,,,,,,,,,,,,,,,,,,,,,,,,,,,,,,,,,,,,,,,,,,,,,,,,,
,operatingIncome,87980000.0,143510000.0,158335000.0,161251000.0,151764000.0,144461000.0,134235000.0,129098000.0,109702000.0,100672000.0,80366000.0,69926000.0,78904000.0,71565000.0,69099000.0,76215000.0,70528000.0,43052000.0,38710000.0,39626000.0,39814000.0,41309000.0,39837000.0,34418000.0,30016000.0,106400000.0,70300000.0,44300000.0
,operatingIncomeRatio,0.225594949627043,0.300011706958114,0.320074957396787,0.330274007955202,0.325789873645977,0.328791972123659,0.320708241151764,0.33531164206551,0.307291097684294,0.319367558839298,0.290861843700575,0.257378949886817,0.321543984905722,0.3128319454462,0.326383607842767,0.3758154626009,0.362513042718437,0.352966254550225,0.342060848127104,0.356772427701948,0.365866882311319,0.39714082448854,0.407472945604812,0.40363077716926,0.397562913907285,1.55102040816327,1.52826086956522,1.46204620462046
,totalOtherIncomeExpensesNet,-62851000.0,10890000.0,-47951000.0,-24550000.0,113234000.0,131895000.0,1054000.0,35839000.0,-3412000.0,-2736000.0,-7904000.0,36764000.0,9762000.0,0.0,0.0,0.0,0.0,3562000.0,3696000.0,2772000.0,4065000.0,3785000.0,-1060000.0,0.0,159000.0,0.0,0.0,1100000.0
,incomeBeforeTax,-38013000.0,92728000.0,45563000.0,71876000.0,204329000.0,222168000.0,78152000.0,113321000.0,56476000.0,52554000.0,38342000.0,0.0,0.0,0.0,0.0,0.0,0.0,0.0,0.0,0.0,0.0,0.0,0.0,0.0,0.0,0.0,0.0,0.0
,incomeBeforeTaxRatio,-0.0974714801110795,0.193850502144882,0.0921058217315806,0.147216293826321,0.438630499276566,0.505652424272081,0.186717253044978,0.294333379219707,0.158197407821354,0.166720068015342,0.138767946783061,0.0,0.0,0.0,0.0,0.0,0.0,0.0,0.0,0.0,0.0,0.0,0.0,0.0,0.0,0.0,0.0,0.0
,incomeTaxExpense,0.0,0.0,0.0,0.0,0.0,0.0,0.0,0.0,0.0,0.0,0.0,0.0,0.0,0.0,0.0,0.0,0.0,0.0,0.0,0.0,0.0,0.0,0.0,0.0,0.0,0.0,0.0,0.0
,netIncome,-36278000.0,87855000.0,43655000.0,68002000.0,193744000.0,211200000.0,74011000.0,107557000.0,53228000.0,44641000.0,34249000.0,58019000.0,28032000.0,28576000.0,37309000.0,5089000.0,7046000.0,12849000.0,11007000.0,7112000.0,4312000.0,15588000.0,11827000.0,12827000.0,11191000.0,11200000.0,11200000.0,1900000.0
,netIncomeRatio,-0.0930226594972705,0.183663358057314,0.0882487906347727,0.139281573999353,0.415907812654293,0.48068935223013,0.17682376158143,0.279362300621544,0.149099292150914,0.141617204328364,0.123954499227298,0.213552459649962,0.114234018362532,0.124914213275632,0.176226081781296,0.0250938120996652,0.0362163523564273,0.105343849408061,0.0972633364850177,0.0640328447437606,0.0396247047904357,0.149861559760037,0.120972526236115,0.150426287952528,0.148225165562914,0.163265306122449,0.243478260869565,0.0627062706270627
,,,,,,,,,,,,,,,,,,,,,,,,,,,,,,,,,,,,,,,,,,,,,,,,,,,,,,,,,,,,,,,,,,,,,,,,,,,,,,,,,,,,,,,,,,,,,,,,,,,,,
EPS,,,,,,,,,,,,,,,,,,,,,,,,,,,,,,,,,,,,,,,,,,,,,,,,,,,,,,,,,,,,,,,,,,,,,,,,,,,,,,,,,,,,,,,,,,,,,,,,,,,,,
,EPS,-0.390893026463236,0.93,0.467854119109625,0.719552197744059,2.02,2.23024773490464,0.789290703750707,1.14,0.580249201486924,0.53,0.427114120742764,0.72,0.36,0.37,0.52,0.08,0.13,0.3,0.2775,0.1675,0.08,0.435,0.315,0.3925,0.342499995332745,0.34,0.33,0.0875
,EPSDiluted,-0.390893026463236,0.93,0.467849105133426,0.719430397156218,2.01,2.228812038962,0.788701925638594,1.13,0.574438005201757,0.52,0.426040876239286,0.72,0.355,0.36,0.515,0.08,0.13,0.2925,0.27,0.1675,0.0775,0.435,0.31,0.385,0.340751605294484,0.34,0.33,0.0875
,weightedAverageShsOut,92808000.0,92808000.0,93309000.0,94506000.0,95102000.0,94698000.0,93769000.0,93311000.0,91733000.0,83000000.0,80187000.0,71795833.0,62241667.0,62029730.0,61300000.0,56887500.0,54200000.0,40143333.0,33282883.0,31886567.0,31112500.0,31427586.0,31479365.0,32680255.0,32674453.0,25148000.0,21972000.0,21714286.0
,weightedAverageShsOutDil,92808000.0,92808000.0,93310000.0,94522000.0,95345000.0,94759000.0,93839000.0,94247000.0,92661000.0,84129000.0,80389000.0,71795833.0,63118310.0,63752778.0,61895146.0,56887500.0,54200000.0,41172650.0,34207407.0,31886567.0,32116129.0,31427586.0,31987097.0,33316883.0,32842105.0,25148000.0,21972000.0,21714286.0
