Date,2018-12-31,2017-12-31,2016-12-31,2015-12-31,2014-12-31,2013-12-31,2012-12-31,2011-12-31,2010-12-31,2009-12-31
Revenue,80291612.0,50573644.0,41660489.0,26316262.0,19393472.0,16569999.0,15157532.0,14869755.0,11799543.0,2547208.0
Revenue Growth,0.5876,0.2139,0.5831,0.357,0.1704,0.0932,0.0194,0.2602,3.6323,-0.8444
Cost of Revenue,0.0,0.0,0.0,0.0,0.0,0.0,0.0,0.0,0.0,0.0
Gross Profit,80291612.0,50573644.0,41660489.0,26316262.0,19393472.0,16569999.0,15157532.0,14869755.0,11799543.0,2547208.0
R&D Expenses,0.0,0.0,0.0,0.0,0.0,0.0,0.0,0.0,0.0,0.0
SG&A Expense,50582763.0,34370719.0,30198081.0,21404335.0,15170044.0,11199717.0,11273297.0,10675924.0,11423501.0,12292366.0
Operating Expenses,58955794.0,39129789.0,32499601.0,23165806.0,16443224.0,13846390.0,13177869.0,13651503.0,18042361.0,16061887.0
Operating Income,21335818.0,11443855.0,9160888.0,3150456.0,2950248.0,2723609.0,1979663.0,1218252.0,-6242818.0,-13514679.0
Interest Expense,0.0,0.0,0.0,0.0,0.0,0.0,0.0,0.0,0.0,0.0
Earnings before Tax,21335818.0,11443855.0,9160888.0,3150456.0,2950248.0,2723609.0,1979663.0,1218252.0,-6242818.0,-13514679.0
Income Tax Expense,3233403.0,6428791.0,3362080.0,1640744.0,1117593.0,1042800.0,577600.0,188200.0,-1535297.0,-5336040.0
Net Income - Non-Controlling int,0.0,0.0,0.0,0.0,0.0,0.0,0.0,0.0,0.0,0.0
Net Income - Discontinued ops,0.0,0.0,0.0,0.0,0.0,0.0,0.0,0.0,0.0,0.0
Net Income,18102415.0,5015064.0,5798808.0,1509712.0,1832655.0,1680809.0,1402063.0,1030052.0,-4707521.0,-8178639.0
Preferred Dividends,0.0,195000.0,1022000.0,120000.0,120000.0,1571381.0,1293704.0,687837.0,34463.0,0.0
Net Income Com,18102415.0,4820064.0,4776808.0,1389712.0,1712655.0,109428.0,108359.0,342215.0,-4741984.0,-8178639.0
EPS,1.46,0.56,0.82,0.35,0.58,0.08,0.08,0.2,-2.92,-5.04
EPS Diluted,1.45,0.55,0.78,0.32,0.52,0.08,0.08,0.2,-2.92,-5.04
Weighted Average Shs Out,13933504.0,8243717.0,5888408.0,5735393.0,1656850.0,1636769.0,1625099.0,1625099.0,1625099.0,1625099.0
Weighted Average Shs Out (Dil),12423618.0,8639212.0,5838574.0,3985202.0,2963589.0,1636769.0,1625099.0,1625099.0,1625099.0,1625099.0
Dividend per Share,0.0,0.0,0.0,0.0,0.0,0.0,0.0,0.0,0.0,0.069
Gross Margin,1.0,1.0,1.0,1.0,1.0,1.0,1.0,1.0,1.0,1.0
EBITDA Margin,0.219,0.193,0.272,0.161,0.239,0.195,0.166,0.116,-0.482,-4.929
EBIT Margin,0.2657,0.2263,0.2199,0.1197,0.1521,0.1644,0.1306,0.0819,-0.5291,-5.3057
Profit Margin,0.225,0.095,0.115,0.053,0.088,0.007,0.007,0.023,-0.402,-3.211
Free Cash Flow margin,0.2114,-0.0308,0.1103,0.0479,-0.06,0.266,0.2958,0.1571,0.786,2.2528
EBITDA,17618317.0,9752459.0,11349976.0,4236141.0,4626221.0,3230511.0,2508664.0,1728532.0,-5687583.0,-12556241.0
EBIT,21335818.0,11443855.0,9160888.0,3150456.0,2950248.0,2723609.0,1979663.0,1218252.0,-6242818.0,-13514679.0
Consolidated Income,18102415.0,5015064.0,5798808.0,1509712.0,1832655.0,1680809.0,1402063.0,1030052.0,-4707521.0,-8178639.0
Earnings Before Tax Margin,0.2657,0.2263,0.2199,0.1197,0.1521,0.1644,0.1306,0.0819,-0.5291,-5.3057
Net Profit Margin,0.2255,0.0992,0.1392,0.0574,0.0945,0.1014,0.0925,0.0693,-0.399,-3.2108
