Date,2018-12-31,2017-12-31,2016-12-31,2015-12-31,2014-12-31,2013-12-31,2012-12-31,2011-12-31,2010-12-31,2009-12-31
Revenue,5241448.0,10448794.0,8768390.0,7043016.0,3224152.0,3144620.0,7662822.0,1947628.0,1947628.0,2816037.0
Revenue Growth,-0.498368137030934,0.191643391774317,0.244976583895308,1.18445532344629,0.0252914501593197,-0.589626380464012,2.93443819867038,0,-0.308379825975298,0.2189
Cost of Revenue,4597715.0,8433671.0,6882204.0,5313855.0,2544285.0,2593075.0,2108228.0,1638402.0,1638402.0,1483641.0
Gross Profit,643733.0,2015123.0,1886186.0,1729161.0,679867.0,551545.0,5554594.0,309226.0,309226.0,1332396.0
R&D Expenses,6750954.0,4295867.0,5399839.0,5086535.0,5071179.0,2609241.0,6272616.0,5986405.0,5986405.0,4734209.0
SG&A Expense,2951760.0,3428838.0,3596623.0,3403975.0,2765230.0,2632972.0,2242173.0,2201242.0,2201242.0,2649483.0
Operating Expenses,9702714.0,7724705.0,8996462.0,12490510.0,7836409.0,5242213.0,8514789.0,8187647.0,8187647.0,7383692.0
Operating Income,-9058981.0,-5709582.0,-7110276.0,-10761349.0,-7156542.0,-4690668.0,-2960195.0,-7878421.0,-7878421.0,-6051296.0
Interest Expense,0.0,0.0,0.0,0.0,0.0,0.0,0.0,0.0,742.0,2678.0
Earnings before Tax,-8899975.0,-3775526.0,0.0,-7323844.0,-10809352.0,-4684466.0,0.0,-7632389.0,-7632389.0,-6034453.0
Income Tax Expense,0.0,-530143.0,-488933.0,-616872.0,-750356.0,-521458.0,-574157.0,-245810.0,-245810.0,0.0
Net Income - Non-Controlling int,0.0,0.0,0.0,0.0,0.0,0.0,0.0,0.0,0.0,0.0
Net Income - Discontinued ops,0.0,0.0,0.0,0.0,0.0,0.0,0.0,0.0,0.0,0.0
Net Income,-8899975.0,-3245383.0,-7831230.0,-6706972.0,-10058996.0,-4163008.0,-2378594.0,-7386579.0,-7386579.0,-6034453.0
Preferred Dividends,0.0,0.0,0.0,0.0,0.0,0.0,0.0,0.0,0.0,0.0
Net Income Com,-8899975.0,-3245383.0,-7831230.0,-6706972.0,-10058996.0,-4163008.0,-2378594.0,-7386579.0,-7386579.0,-6034453.0
EPS,-0.68,-0.93,-3.0,-0.32,-0.65,-0.37,-0.22,-0.73,-7.3,-8.0
EPS Diluted,-0.68,-1.34,-3.0,-0.43,-0.65,-0.37,-0.22,-0.73,-7.3,-8.0
Weighted Average Shs Out,13178154.0,3481460.0,2606577.0,20638421.0,15463256.0,11136484.0,10957676.0,0.0,1079462.0,927506.0
Weighted Average Shs Out (Dil),13178154.0,3583587.0,2606577.0,23584944.0,15463256.0,11136484.0,10957676.0,0.0,1012032.0,837575.0
Dividend per Share,0.0,0.0,0.0,0.0,0.0,0.0,0.0,0.0,0.0,0.0
Gross Margin,0.122815870729,0.192856993831,0.215112010301,0.245514279678,0.210866919426,0.175393211262,0.72487577031,0.158770566042,0.1588,0.4731
EBITDA Margin,-1.71992949277,-0.537131175138,-0.781462731471,-1.49304814869,-2.14830783412,-1.41830745845,-0.356809540924,-3.94979174668,-3.823,-2.08
EBIT Margin,-1.72833556681,-0.54643454546,-0.810898694059,-1.52794612422,-2.21966644253,-1.49164859347,-0.386306115423,-4.04513644289,-3.9184,-2.1419
Profit Margin,-1.69799929333,-0.310598811691,-0.893120629899,-0.952286917991,-3.11988888861,-1.32385089454,-0.310407053694,-3.79260259146,-3.793,-2.143
Free Cash Flow margin,-1.38218122168,-0.476841729294,-0.614287001377,-0.350237597075,-1.38237062024,0.838108579097,-0.25470224938,-2.94233909145,-2.9456,-1.6402
EBITDA,-9014921.0,-5612373.0,-6852170.0,-10515562.0,-6926471.0,-4460038.0,-2734168.0,-7692725.0,-7445951.0,-5856171.0
EBIT,-9058981.0,-5709582.0,-7110276.0,-10761349.0,-7156542.0,-4690668.0,-2960195.0,-7878421.0,-7631647.0,-6031775.0
Consolidated Income,-8899975.0,-3245383.0,-7831230.0,-6706972.0,-10058996.0,-4163008.0,-2378594.0,-7386579.0,-7386579.0,-6034453.0
Earnings Before Tax Margin,-1.69799929333,-0.361336054668,0.0,-1.03987325884,-3.35261861103,-1.48967633609,0.0,-3.91881252477,-3.9188,-2.1429
Net Profit Margin,-1.69799929333,-0.310598811691,-0.893120629899,-0.952286917991,-3.11988888861,-1.32385089454,-0.310407053694,-3.79260259146,-3.7926,-2.1429
