date,,2020-12-31_FY,2019-12-31_FY,2018-12-31_FY,2017-12-31_FY,2016-12-31_FY,2015-12-31_FY,2014-12-31_FY,2013-12-31_FY,2012-12-31_FY,2011-12-31_FY,2010-12-31_FY,2009-12-31_FY,2008-12-31_FY,2007-12-31_FY,2006-12-31_FY,2005-12-31_FY,2004-12-31_FY,2003-12-31_FY,2002-12-31_FY
,revenue,749890000.0,1845447000.0,1883029000.0,1860962000.0,1650431000.0,1937091000.0,1673077000.0,1400274000.0,1067201000.0,852087000.0,612777000.0,515239000.0,429051000.0,188934000.0,134236000.0,108348000.0,103209000.0,80425000.0,28729000.0
,costOfRevenue,217437000.0,982095000.0,1071721000.0,1035166000.0,859800000.0,859064000.0,685634000.0,480050000.0,369658000.0,236696000.0,160307000.0,123395000.0,107314000.0,64763000.0,47129000.0,36320000.0,33985000.0,25206000.0,13424000.0
,grossProfit,532453000.0,863352000.0,811308000.0,825796000.0,790631000.0,1078027000.0,987443000.0,920224000.0,697543000.0,615391000.0,452470000.0,391844000.0,321737000.0,124171000.0,87107000.0,72028000.0,69224000.0,55219000.0,15305000.0
,grossProfitRatio,0.710041472749337,0.467828119691327,0.430852631584537,0.443746836313691,0.479045170625128,0.556518511520625,0.590195788956515,0.657174238756129,0.653619140161975,0.722216158678633,0.738392596327865,0.760509200584583,0.749880550330846,0.657218923010152,0.648909383473882,0.664783844648725,0.670716701062892,0.686589990674542,0.532736955689373
,,,,,,,,,,,,,,,,,,,,,,,,,,,,,,,,,,,,,,,,,,,,,,,,,,,,,,,,,,,,,,,,,,,,,,,,,,,,,,,,,,,,,,,,,,,,,,,,,,,,,
COST And EXPENSES,,,,,,,,,,,,,,,,,,,,,,,,,,,,,,,,,,,,,,,,,,,,,,,,,,,,,,,,,,,,,,,,,,,,,,,,,,,,,,,,,,,,,,,,,,,,,,,,,,,,,
,ResearchAndDevelopmentExpenses,241941000.0,419114000.0,441161000.0,412173000.0,353144000.0,398143000.0,409285000.0,276120000.0,181359000.0,109519000.0,75600000.0,56943000.0,49713000.0,25443000.0,18885000.0,13730000.0,8820000.0,7542000.0,5508000.0
,GeneralAndAdministrativeExpenses,57354000.0,95773000.0,113724000.0,122874000.0,119841000.0,173160000.0,204325000.0,108970000.0,75243000.0,58972000.0,40375000.0,36624000.0,22695000.0,0.0,0.0,0.0,0.0,0.0,0.0
,SellingAndMarketingExpenses,159787000.0,340840000.0,400579000.0,413045000.0,434780000.0,383931000.0,526514000.0,351653000.0,214736000.0,165090000.0,105406000.0,93498000.0,84691000.0,0.0,0.0,0.0,0.0,0.0,0.0
,otherExpenses,11434000.0,6417000.0,4158000.0,5850000.0,3932000.0,3241000.0,-456000.0,187000.0,-52000.0,0.0,0.0,0.0,0.0,0.0,0.0,0.0,0.0,0.0,0.0
,operatingExpenses,0.0,849341000.0,950004000.0,0.0,0.0,0.0,0.0,0.0,0.0,0.0,0.0,0.0,0.0,0.0,0.0,0.0,0.0,0.0,0.0
,costAndExpenses,664422000.0,1831436000.0,2021725000.0,1981092000.0,1765453000.0,1811459000.0,1822140000.0,1211834000.0,840331000.0,570277000.0,382246000.0,310848000.0,265209000.0,156223000.0,109631000.0,83503000.0,69215000.0,48404000.0,30813000.0
,interestExpense,6234000.0,14370000.0,17538000.0,4088000.0,1356000.0,0.0,0.0,0.0,0.0,0.0,0.0,0.0,0.0,0.0,0.0,0.0,0.0,0.0,0.0
,,,,,,,,,,,,,,,,,,,,,,,,,,,,,,,,,,,,,,,,,,,,,,,,,,,,,,,,,,,,,,,,,,,,,,,,,,,,,,,,,,,,,,,,,,,,,,,,,,,,,
EBITDA,,,,,,,,,,,,,,,,,,,,,,,,,,,,,,,,,,,,,,,,,,,,,,,,,,,,,,,,,,,,,,,,,,,,,,,,,,,,,,,,,,,,,,,,,,,,,,,,,,,,,
,depreciationAndAmortization,0.0,132435000.0,152389000.0,223995000.0,204631000.0,237366000.0,208461000.0,130689000.0,101762000.0,69848000.0,558000.0,388000.0,796000.0,1341000.0,2530000.0,1948000.0,1360000.0,57000.0,4926000.0
,EBITDA,144123000.0,146446000.0,13693000.0,103865000.0,89609000.0,362998000.0,59398000.0,319129000.0,328632000.0,351658000.0,231089000.0,204779000.0,164638000.0,34052000.0,27135000.0,26793000.0,35354000.0,32078000.0,2842000.0
,EBITDARatio,0.192192188187601,0.079355299827088,0.00727179453954241,0.0558125313681848,0.0542943025185542,0.187393364586382,0.0355022512412758,0.227904681512333,0.307938242186805,0.412701989350853,0.377117613748558,0.397444681012113,0.383725944001995,0.180232250415489,0.20214398522006,0.247286521209436,0.342547646038621,0.398856077090457,0.0989244317588499
,,,,,,,,,,,,,,,,,,,,,,,,,,,,,,,,,,,,,,,,,,,,,,,,,,,,,,,,,,,,,,,,,,,,,,,,,,,,,,,,,,,,,,,,,,,,,,,,,,,,,
INCOME,,,,,,,,,,,,,,,,,,,,,,,,,,,,,,,,,,,,,,,,,,,,,,,,,,,,,,,,,,,,,,,,,,,,,,,,,,,,,,,,,,,,,,,,,,,,,,,,,,,,,
,operatingIncome,85468000.0,14011000.0,-138696000.0,-120130000.0,-115022000.0,125632000.0,-149063000.0,188440000.0,226870000.0,281810000.0,230531000.0,204391000.0,163842000.0,32711000.0,24605000.0,24845000.0,33994000.0,32021000.0,-2084000.0
,operatingIncomeRatio,0.128950912800544,0.00759219852967872,-0.0736557960604961,-0.105781310956376,-0.0568948353490694,0.0959123758254,-0.0987216966104967,0.155234618367548,0.237408885486427,0.322613770659569,0.382218980151017,0.407061577248617,0.390617898571498,0.192612234960357,0.210807830984237,0.274965850777126,0.344931159104342,0.410407211687908,0.0
,totalOtherIncomeExpensesNet,10096000.0,11596000.0,51364000.0,-96775000.0,-22000.0,36700000.0,-47083000.0,1102000.0,1216000.0,-22715000.0,-790000.0,342000.0,-535000.0,1135000.0,1014000.0,2447000.0,-838000.0,-964000.0,-217000.0
,incomeBeforeTax,96699000.0,21783000.0,-80791000.0,-196855000.0,-93901000.0,185791000.0,-165169000.0,217371000.0,253363000.0,274895000.0,234215000.0,209734000.0,167595000.0,36391000.0,28298000.0,29792000.0,35600000.0,33007000.0,0.0
,incomeBeforeTaxRatio,0.128950912800544,0.0118036443203191,-0.0429048092196137,-0.105781310956376,-0.0568948353490694,0.0959123758254,-0.0987216966104967,0.155234618367548,0.237408885486427,0.322613770659569,0.382218980151017,0.407061577248617,0.390617898571498,0.192612234960357,0.210807830984237,0.274965850777126,0.344931159104342,0.410407211687908,0.0
,incomeTaxExpense,133226000.0,31176000.0,-13432000.0,273148000.0,21072000.0,76936000.0,6050000.0,50422000.0,76171000.0,46552000.0,36031000.0,33745000.0,9009000.0,1487000.0,1579000.0,11000.0,-37000.0,6650000.0,0.0
,netIncome,-86112000.0,-149336000.0,-160082000.0,-554526000.0,-224021000.0,-49598000.0,-166657000.0,-15298000.0,87159000.0,162741000.0,148629000.0,147833000.0,158637000.0,34931000.0,25885000.0,29781000.0,35637000.0,26357000.0,-1036000.0
,netIncomeRatio,-0.114832842150182,-0.0809213160822283,-0.0850130295391096,-0.297978142487595,-0.13573484744288,-0.0256043727424267,-0.0996110758799505,-0.0109250046776559,0.0816706506084608,0.190991060771963,0.242549899882013,0.286921215203042,0.369739261766084,0.184884668720294,0.192832027176018,0.274864326060472,0.34528965497195,0.327721479639416,-0.036061122907167
,,,,,,,,,,,,,,,,,,,,,,,,,,,,,,,,,,,,,,,,,,,,,,,,,,,,,,,,,,,,,,,,,,,,,,,,,,,,,,,,,,,,,,,,,,,,,,,,,,,,,
EPS,,,,,,,,,,,,,,,,,,,,,,,,,,,,,,,,,,,,,,,,,,,,,,,,,,,,,,,,,,,,,,,,,,,,,,,,,,,,,,,,,,,,,,,,,,,,,,,,,,,,,
,EPS,-2.19399220362302,-3.8,-4.11,-14.27,-5.79,-1.28,-4.33,-0.4,2.29,4.26,3.92,3.86,4.16,0.94,0.7,0.82,0.98,0.74,-0.03
,EPSDiluted,-2.19399220362302,-3.83,-4.13,-14.3,-5.83,-1.32,-4.43,-0.47,2.03,3.93,3.62,3.57,4.06,0.9,0.68,0.77,0.89,0.66,-0.03
,weightedAverageShsOut,39249000.0,39249000.0,38959000.0,38858000.0,38706000.0,38598000.0,38468000.0,38255000.0,38038000.0,38216000.0,37870000.0,38294000.0,38168000.0,37133000.0,36730000.0,36309000.0,36369000.0,35483000.0,35420000.0
,weightedAverageShsOutDil,39249000.0,39249000.0,38959000.0,38858000.0,38706000.0,38598000.0,38468000.0,38502000.0,38392000.0,38761000.0,38445000.0,38969000.0,39117000.0,38919000.0,39105000.0,39680000.0,41011000.0,40351000.0,35660000.0
