Date,2018-12-31,2017-12-31,2016-12-31,2015-12-31,2014-12-31,2013-12-31,2012-12-31,2011-12-31,2010-12-31,2009-12-31
Revenue,97065000.0,64721000.0,38222000.0,37234000.0,32338000.0,28586000.0,31133000.0,21286000.0,20127000.0,3705000.0
Revenue Growth,0.4997,0.6933,0.0265,0.1514,0.1313,-0.0818,0.4626,0.0576,4.4324,-0.6515
Cost of Revenue,0.0,0.0,0.0,0.0,0.0,0.0,0.0,0.0,0.0,0.0
Gross Profit,97065000.0,64721000.0,38222000.0,37234000.0,32338000.0,28586000.0,31133000.0,21286000.0,20127000.0,3705000.0
R&D Expenses,0.0,0.0,0.0,0.0,0.0,0.0,0.0,0.0,0.0,0.0
SG&A Expense,41049000.0,29884000.0,17294000.0,17398000.0,15497000.0,14096000.0,12629000.0,10521000.0,9868000.0,7214000.0
Operating Expenses,53760000.0,49149000.0,22815000.0,23278000.0,21101000.0,19292000.0,21449000.0,15193000.0,14197000.0,11062000.0
Operating Income,43305000.0,15572000.0,15407000.0,13956000.0,11237000.0,9294000.0,9684000.0,6093000.0,5930000.0,-7357000.0
Interest Expense,0.0,0.0,0.0,0.0,0.0,0.0,0.0,0.0,0.0,0.0
Earnings before Tax,43305000.0,15572000.0,15407000.0,13956000.0,11237000.0,9294000.0,9684000.0,6093000.0,5930000.0,-7357000.0
Income Tax Expense,9614000.0,13147000.0,5095000.0,4667000.0,3754000.0,3036000.0,3115000.0,1692000.0,1876000.0,-2677000.0
Net Income - Non-Controlling int,0.0,0.0,0.0,0.0,0.0,0.0,0.0,0.0,0.0,0.0
Net Income - Discontinued ops,0.0,0.0,0.0,0.0,0.0,0.0,0.0,0.0,0.0,0.0
Net Income,33691000.0,2425000.0,10312000.0,9289000.0,7483000.0,6258000.0,6569000.0,4401000.0,4054000.0,-4680000.0
Preferred Dividends,0.0,0.0,0.0,0.0,0.0,0.0,0.0,0.0,0.0,0.0
Net Income Com,33691000.0,2425000.0,10312000.0,9289000.0,7483000.0,6258000.0,6569000.0,4401000.0,4054000.0,-4680000.0
EPS,1.4,0.13,0.84,0.76,0.63,0.54,0.57,0.38,0.35,-0.62
EPS Diluted,1.39,0.13,0.83,0.75,0.63,0.54,0.57,0.38,0.35,-0.62
Weighted Average Shs Out,24052253.0,23916453.0,12261643.0,12202243.0,12196070.0,11590612.0,11590212.0,11590212.0,11590212.0,11590212.0
Weighted Average Shs Out (Dil),24052253.0,23916453.0,12261643.0,12202243.0,12196070.0,11590612.0,11590212.0,11590212.0,11590212.0,11590212.0
Dividend per Share,0.32,0.32,0.32,0.52,0.6,0.25,0.245,0.0,0.0,0.0
Gross Margin,1.0,1.0,1.0,1.0,1.0,1.0,1.0,1.0,1.0,1.0
EBITDA Margin,0.495,0.287,0.43,0.405,0.378,0.365,0.359,0.355,0.368,-1.648
EBIT Margin,0.4461,0.2406,0.4031,0.3748,0.3475,0.3251,0.3111,0.2862,0.2946,-1.9857
Profit Margin,0.347,0.037,0.27,0.249,0.231,0.219,0.211,0.207,0.201,-1.263
Free Cash Flow margin,0.4286,0.3585,0.4678,0.3199,0.3274,0.1892,0.3226,0.5934,0.0431,1.4691
EBITDA,48023000.0,18593000.0,16424000.0,15093000.0,12221000.0,10426000.0,11168000.0,7552000.0,7410000.0,-6106000.0
EBIT,43305000.0,15572000.0,15407000.0,13956000.0,11237000.0,9294000.0,9684000.0,6093000.0,5930000.0,-7357000.0
Consolidated Income,33691000.0,2425000.0,10312000.0,9289000.0,7483000.0,6258000.0,6569000.0,4401000.0,4054000.0,-4680000.0
Earnings Before Tax Margin,0.4461,0.2406,0.4031,0.3748,0.3475,0.3251,0.3111,0.2862,0.2946,-1.9857
Net Profit Margin,0.3471,0.0375,0.2698,0.2495,0.2314,0.2189,0.211,0.2068,0.2014,-1.2632
