date,,2020-09-30_FY,2019-09-30_FY,2018-09-30_FY,2017-09-30_FY,2016-09-30_FY,2015-09-30_FY,2014-09-30_FY,2013-09-30_FY,2012-09-30_FY,2011-09-30_FY,2010-12-31_FY,2009-12-31_FY,2008-12-31_FY,2007-12-31_FY,2006-12-31_FY,2005-12-31_FY,2004-12-31_FY,2003-12-31_FY,2002-12-31_FY,2001-12-31_FY,2000-12-31_FY,1999-12-31_FY,1998-12-31_FY,1998-09-30_FY,1997-09-30_FY,1996-09-30_FY,1995-09-30_FY,1994-09-30_FY,1993-09-30_FY,1992-09-30_FY,1991-09-30_FY,1990-09-30_FY,1989-09-30_FY,1988-09-30_FY,1987-09-30_FY,1986-09-30_FY,1985-09-30_FY
,revenue,3964200000.0,3802100000.0,3145900000.0,5008500000.0,5215400000.0,5815900000.0,5963000000.0,5543400000.0,4480716000.0,3477782000.0,0.0,0.0,0.0,0.0,0.0,109896000.0,367528000.0,181429000.0,117008000.0,98836000.0,84140000.0,93700000.0,25800000.0,133600000.0,117600000.0,95700000.0,103100000.0,241200000.0,265000000.0,106400000.0,93400000.0,91800000.0,187300000.0,193800000.0,147200000.0,219800000.0,288700000.0
,costOfRevenue,2594300000.0,2495200000.0,1992300000.0,3132600000.0,3119800000.0,3136800000.0,2945200000.0,2739300000.0,2136757000.0,2058049000.0,0.0,0.0,0.0,0.0,0.0,91985000.0,314277000.0,154553000.0,89305000.0,84682000.0,94664000.0,78400000.0,16500000.0,84300000.0,90100000.0,70900000.0,74400000.0,183400000.0,235100000.0,70400000.0,67300000.0,65700000.0,113400000.0,129400000.0,100600000.0,-9800000.0,149200000.0
,grossProfit,1369900000.0,1306900000.0,1153600000.0,1875900000.0,2095600000.0,2679100000.0,3017800000.0,2804100000.0,2343959000.0,1419733000.0,0.0,0.0,0.0,0.0,0.0,17911000.0,53251000.0,26876000.0,27703000.0,14154000.0,-10524000.0,15300000.0,9200000.0,49300000.0,27500000.0,24800000.0,28700000.0,57800000.0,29900000.0,36000000.0,26100000.0,26100000.0,73900000.0,64400000.0,46600000.0,229600000.0,139500000.0
,grossProfitRatio,0.345567832097271,0.343731095973278,0.366699513652691,0.374543276430069,0.401810024159221,0.460650974053887,0.506087539828945,0.505844788397013,0.523121527898666,0.408229440488219,0.0,0.0,0.0,0.0,0.0,0.162981364198879,0.144889641061361,0.148135083145473,0.236761588951183,0.14320692864948,-0.125077252198716,0.163287086446105,0.356589147286822,0.369011976047904,0.233843537414966,0.25914315569488,0.278370514064016,0.239635157545605,0.112830188679245,0.338345864661654,0.279443254817987,0.284313725490196,0.394554191137213,0.332301341589267,0.316576086956522,1.04458598726115,0.483200554208521
,,,,,,,,,,,,,,,,,,,,,,,,,,,,,,,,,,,,,,,,,,,,,,,,,,,,,,,,,,,,,,,,,,,,,,,,,,,,,,,,,,,,,,,,,,,,,,,,,,,,,
COST And EXPENSES,,,,,,,,,,,,,,,,,,,,,,,,,,,,,,,,,,,,,,,,,,,,,,,,,,,,,,,,,,,,,,,,,,,,,,,,,,,,,,,,,,,,,,,,,,,,,,,,,,,,,
,ResearchAndDevelopmentExpenses,41800000.0,43500000.0,28300000.0,0.0,0.0,0.0,0.0,0.0,0.0,0.0,0.0,0.0,0.0,0.0,0.0,0.0,0.0,0.0,0.0,0.0,1489000.0,2900000.0,0.0,0.0,0.0,0.0,0.0,0.0,0.0,0.0,0.0,0.0,0.0,0.0,0.0,0.0,0.0
,GeneralAndAdministrativeExpenses,337800000.0,354600000.0,323900000.0,0.0,0.0,0.0,0.0,0.0,0.0,1194772000.0,0.0,0.0,0.0,0.0,0.0,0.0,0.0,0.0,0.0,12462000.0,17876000.0,18900000.0,2200000.0,12400000.0,10900000.0,7200000.0,7600000.0,45200000.0,0.0,0.0,0.0,0.0,0.0,0.0,0.0,0.0,0.0
,SellingAndMarketingExpenses,614500000.0,600500000.0,492300000.0,0.0,0.0,0.0,0.0,0.0,0.0,0.0,0.0,0.0,0.0,0.0,0.0,0.0,0.0,0.0,0.0,0.0,0.0,0.0,0.0,0.0,0.0,0.0,0.0,0.0,0.0,0.0,0.0,0.0,0.0,0.0,0.0,0.0,0.0
,otherExpenses,-19700000.0,-43900000.0,6300000.0,-5000000.0,1000000.0,37000000.0,-22200000.0,-5600000.0,-17473000.0,0.0,0.0,0.0,0.0,0.0,0.0,0.0,0.0,0.0,0.0,0.0,0.0,0.0,0.0,0.0,0.0,0.0,0.0,0.0,0.0,0.0,0.0,0.0,0.0,0.0,0.0,0.0,0.0
,operatingExpenses,994100000.0,998600000.0,844500000.0,1359600000.0,1440500000.0,2231600000.0,2367300000.0,2012400000.0,1808783000.0,1183657000.0,18846000.0,6290000.0,3237000.0,3388000.0,4730000.0,34315000.0,37682000.0,20086000.0,11906000.0,12462000.0,27862000.0,30900000.0,4100000.0,18800000.0,14600000.0,16200000.0,25500000.0,88000000.0,0.0,0.0,0.0,0.0,0.0,0.0,0.0,0.0,0.0
,costAndExpenses,3588400000.0,3493800000.0,2836800000.0,4492200000.0,4560300000.0,5368400000.0,5312500000.0,4751700000.0,3945540000.0,3241706000.0,18846000.0,6290000.0,3237000.0,3388000.0,4730000.0,126300000.0,351959000.0,174639000.0,101211000.0,97144000.0,122526000.0,109300000.0,20600000.0,103100000.0,104700000.0,87100000.0,99900000.0,271400000.0,262000000.0,95500000.0,90400000.0,99800000.0,197800000.0,208300000.0,202600000.0,381300000.0,368500000.0
,interestExpense,144500000.0,222100000.0,264600000.0,360100000.0,397100000.0,429700000.0,321900000.0,511900000.0,251032000.0,249260000.0,4963000.0,0.0,0.0,0.0,0.0,0.0,0.0,0.0,0.0,0.0,0.0,0.0,-9700000.0,0.0,0.0,0.0,0.0,0.0,0.0,0.0,0.0,0.0,0.0,0.0,0.0,0.0,0.0
,,,,,,,,,,,,,,,,,,,,,,,,,,,,,,,,,,,,,,,,,,,,,,,,,,,,,,,,,,,,,,,,,,,,,,,,,,,,,,,,,,,,,,,,,,,,,,,,,,,,,
EBITDA,,,,,,,,,,,,,,,,,,,,,,,,,,,,,,,,,,,,,,,,,,,,,,,,,,,,,,,,,,,,,,,,,,,,,,,,,,,,,,,,,,,,,,,,,,,,,,,,,,,,,
,depreciationAndAmortization,148500000.0,180800000.0,131700000.0,199300000.0,93900000.0,129600000.0,179200000.0,260100000.0,160656000.0,11115000.0,44000.0,7000.0,0.0,3000.0,18000.0,13339000.0,24179000.0,18946000.0,11074000.0,9824000.0,8497000.0,9100000.0,2000000.0,6400000.0,3700000.0,9000000.0,17900000.0,42800000.0,13000000.0,14900000.0,14200000.0,21700000.0,65800000.0,58900000.0,82300000.0,241600000.0,148300000.0
,EBITDA,524300000.0,489100000.0,440800000.0,715600000.0,749000000.0,577100000.0,829700000.0,1051800000.0,695832000.0,247191000.0,-18802000.0,-6283000.0,-3350000.0,-3385000.0,-4712000.0,-3065000.0,39748000.0,25736000.0,26871000.0,11516000.0,-29889000.0,-6500000.0,7100000.0,36900000.0,16600000.0,17600000.0,21100000.0,12600000.0,16000000.0,25800000.0,17200000.0,13700000.0,55300000.0,44400000.0,26900000.0,80100000.0,68500000.0
,EBITDARatio,0.132258715503759,0.128639436101102,0.140118884897803,0.142877108914845,0.143613145683936,0.0992279784728073,0.139141371792722,0.189739149258578,0.155294823416615,0.071077198053242,0.0,0.0,0.0,0.0,0.0,-0.0278900050957269,0.108149583161011,0.141851633421338,0.229650964036647,0.116516249139989,-0.35522937960542,-0.0693703308431163,0.275193798449612,0.276197604790419,0.141156462585034,0.183908045977011,0.204655674102813,0.0522388059701493,0.060377358490566,0.242481203007519,0.184154175588865,0.149237472766885,0.295248264815804,0.229102167182663,0.182744565217391,0.36442220200182,0.237270523034292
,,,,,,,,,,,,,,,,,,,,,,,,,,,,,,,,,,,,,,,,,,,,,,,,,,,,,,,,,,,,,,,,,,,,,,,,,,,,,,,,,,,,,,,,,,,,,,,,,,,,,
INCOME,,,,,,,,,,,,,,,,,,,,,,,,,,,,,,,,,,,,,,,,,,,,,,,,,,,,,,,,,,,,,,,,,,,,,,,,,,,,,,,,,,,,,,,,,,,,,,,,,,,,,
,operatingIncome,375800000.0,308300000.0,309100000.0,516300000.0,655100000.0,447500000.0,650500000.0,791700000.0,535176000.0,236076000.0,-18846000.0,-6290000.0,-3237000.0,-3388000.0,-4730000.0,-16404000.0,15569000.0,6790000.0,15797000.0,1692000.0,-38386000.0,-15600000.0,5100000.0,30500000.0,12900000.0,8600000.0,3200000.0,-30200000.0,3000000.0,10900000.0,3000000.0,-8000000.0,-10500000.0,-14500000.0,-55400000.0,-161500000.0,-79800000.0
,operatingIncomeRatio,0.0947984460925281,0.0810867678388259,0.0982548714199434,0.103084755914945,0.125608774015416,0.0769442390687598,0.109089384537984,0.142818486849226,0.119439839525647,0.0678811955435965,0.0,0.0,0.0,0.0,0.0,-0.149268399213802,0.0423613983152304,0.0374251084446257,0.135007862710242,0.0171192682828119,-0.45621583075826,-0.166488794023479,0.197674418604651,0.228293413173653,0.10969387755102,0.0898641588296761,0.0310378273520854,-0.125207296849088,0.0113207547169811,0.102443609022556,0.0321199143468951,-0.0871459694989107,-0.0560597971169247,-0.0748194014447884,-0.376358695652174,-0.734758871701547,-0.27641149982681
,totalOtherIncomeExpensesNet,-75900000.0,-280000000.0,-200800000.0,-5000000.0,-26100000.0,-458600000.0,-115400000.0,-161500000.0,-258758000.0,63854000.0,523000.0,1280000.0,113000.0,570000.0,580000.0,-15544000.0,1285000.0,1011000.0,-222000.0,-11992000.0,-14107000.0,-21400000.0,-100000.0,85400000.0,1300000.0,-8600000.0,-9500000.0,35100000.0,25800000.0,8600000.0,14300000.0,-3700000.0,-18800000.0,74600000.0,-40800000.0,-51600000.0,8500000.0
,incomeBeforeTax,155400000.0,-193800000.0,-156300000.0,151200000.0,231900000.0,-440800000.0,213200000.0,118300000.0,25386000.0,50670000.0,-23066000.0,-4781000.0,-111000.0,4863000.0,-91000.0,-15549000.0,15935000.0,7472000.0,16397000.0,-6807000.0,-38509000.0,-26100000.0,-4600000.0,110000000.0,11800000.0,-3600000.0,-9000000.0,-1200000.0,13100000.0,3200000.0,500000.0,-37800000.0,-76400000.0,4600000.0,-160800000.0,-290500000.0,-134300000.0
,incomeBeforeTaxRatio,0.0392008475858937,-0.0509718313563557,-0.0496837153119934,0.030188679245283,0.0444644706062814,-0.0757922247631493,0.0357538151936945,0.0213406934372407,0.00566561237088001,0.0145696308739306,0.0,0.0,0.0,0.0,0.0,-0.14148831622625,0.0433572408088635,0.0411841546830992,0.140135717215917,-0.068871666194504,-0.457677680057048,-0.27854855923159,-0.178294573643411,0.823353293413174,0.100340136054422,-0.0376175548589342,-0.0872938894277401,-0.00497512437810945,0.0494339622641509,0.0300751879699248,0.00535331905781585,-0.411764705882353,-0.407901761879338,0.0237358101135191,-1.09239130434783,-1.32165605095541,-0.465188777277451
,incomeTaxExpense,70900000.0,-7100000.0,-460700000.0,48300000.0,41500000.0,71600000.0,111500000.0,187300000.0,-85282000.0,50555000.0,-758000.0,8566000.0,-98000.0,2313000.0,183000.0,-6748000.0,8841000.0,3733000.0,5120000.0,-12769000.0,-12521000.0,-5800000.0,-1900000.0,40000000.0,4400000.0,-1000000.0,-3200000.0,-500000.0,3700000.0,800000.0,-1600000.0,-3400000.0,-18500000.0,41300000.0,-4900000.0,-39600000.0,-70400000.0
,netIncome,97800000.0,471900000.0,768300000.0,106000000.0,-198800000.0,-556800000.0,-10300000.0,-45800000.0,89556000.0,34795000.0,-22305000.0,-13344000.0,-12000.0,2551000.0,-4663000.0,-9176000.0,3733000.0,892000.0,6473000.0,4434000.0,-25988000.0,-20300000.0,-4400000.0,70000000.0,15400000.0,7000000.0,4200000.0,-8300000.0,9400000.0,2400000.0,2100000.0,-105300000.0,-57900000.0,-36700000.0,-155900000.0,-250900000.0,-71200000.0
,netIncomeRatio,0.0246708036930528,0.124115620315089,0.244222638990432,0.0211640211640212,-0.0381178816581662,-0.0957375470692412,-0.00172731846386047,-0.00826207742540679,0.0199869842230572,0.0100049399301049,0.0,0.0,0.0,0.0,0.0,-0.0834971245541239,0.010157049258832,0.00491652381923507,0.0553210036920552,0.0448621959609859,-0.308866175421916,-0.216648879402348,-0.170542635658915,0.523952095808383,0.130952380952381,0.0731452455590387,0.040737148399612,-0.0344112769485904,0.0354716981132076,0.0225563909774436,0.0224839400428266,-1.14705882352941,-0.309129738387613,-0.18937048503612,-1.05910326086957,-1.14149226569609,-0.246622791825424
,,,,,,,,,,,,,,,,,,,,,,,,,,,,,,,,,,,,,,,,,,,,,,,,,,,,,,,,,,,,,,,,,,,,,,,,,,,,,,,,,,,,,,,,,,,,,,,,,,,,,
EPS,,,,,,,,,,,,,,,,,,,,,,,,,,,,,,,,,,,,,,,,,,,,,,,,,,,,,,,,,,,,,,,,,,,,,,,,,,,,,,,,,,,,,,,,,,,,,,,,,,,,,
,EPS,2.19,9.23,20.79,3.306301,-6.238303,-17.529632,-3.181535,-4.179663,4.00772940979566,0.436681,-7.236432,-4.304429,-0.00388356804108297,0.827255389726143,-1.497193,-2.994386,1.216469,0.290912126926396,2.113225,1.442608,-8.484092,-6.628197,-1.41935,23.705552,4.36681222707424,1.87149112124509,1.091703,-2.0830196255584,2.729258,0.779788,0.389894,-806.593107,-70.960699,-54.585153,-290.860886,-475.280724,-136.462882
,EPSDiluted,2.18,9.23,20.74,3.306301,-6.238303,-17.529632,-3.181535,-4.179663,3.99626237285776,0.249532,-7.236432,-4.304429,-0.00388356804108297,0.819375681340911,-1.516722,-2.994386,1.200873,0.289218629829984,2.105427,1.442608,-8.484092,-6.628197,-1.41935,22.925764,4.3435842862659,1.85114861126831,1.091703,-2.06844767487791,2.729258,0.779788,0.389894,-806.593107,-70.960699,-54.585153,-290.860886,-475.280724,-136.462882
,weightedAverageShsOut,44700000.0,50700000.0,36900000.0,32058397.0,31867640.0,31762162.0,26119442.0,22537701.0,22345820.0,22319049.0,3091545.0,3090584.0,3089942.0,3083691.0,3074393.0,3067500.0,3066218.0,3066218.0,3066218.0,3066218.0,3063653.0,3062755.0,3100000.0,2955034.0,3526600.0,3740333.0,3755600.0,3984600.0,3297600.0,2564800.0,3238188.0,819579.0,821582.0,679672.0,537370.0,528951.0,526150.0
,weightedAverageShsOutDil,44900000.0,50700000.0,37000000.0,32058397.0,31867640.0,31762162.0,26119442.0,22537701.0,22409940.0,25388955.0,3091545.0,3090584.0,3089942.0,3113346.0,3074393.0,3067500.0,3099560.0,3084172.0,3071348.0,3066218.0,3063653.0,3062755.0,3100000.0,3046854.0,3545459.0,3781436.0,3755600.0,4012671.0,3297600.0,2564800.0,3238188.0,819579.0,821582.0,679672.0,537370.0,528951.0,526150.0
