date,,2020-12-31_FY,2019-12-31_FY,2018-12-31_FY,2017-12-31_FY,2016-12-31_FY,2015-12-31_FY,2014-12-31_FY,2013-12-31_FY,2012-12-31_FY,2011-12-31_FY,2010-12-31_FY,2009-12-31_FY,2008-12-31_FY,2007-12-31_FY,2006-12-31_FY,2005-12-31_FY,2004-12-31_FY,2003-12-31_FY,2002-12-31_FY,2001-12-31_FY,2000-12-31_FY,1999-12-31_FY,1998-12-31_FY,1997-12-31_FY,1996-12-31_FY
,revenue,10668.0,0.0,109333000.0,128367000.0,146444000.0,162556000.0,186830000.0,155854000.0,267707000.0,192963000.0,74113000.0,38025000.0,28725000.0,7672000.0,5673000.0,577000.0,258000.0,1000000.0,2371387.0,41113.0,1.0,1.0,100000.0,100000.0,100000.0
,costOfRevenue,88.0,0.0,26756000.0,47218000.0,35843000.0,27689000.0,27037000.0,28580000.0,46633000.0,33838000.0,17439000.0,8148000.0,1193000.0,0.0,97000.0,397000.0,123000.0,0.0,0.0,0.0,-1128133.0,-519875.0,-500000.0,-200000.0,0.0
,grossProfit,10580.0,0.0,82577000.0,81149000.0,110601000.0,134867000.0,159793000.0,127274000.0,221074000.0,159125000.0,56674000.0,29877000.0,27532000.0,0.0,5576000.0,180000.0,135000.0,0.0,0.0,0.0,1128134.0,519876.0,600000.0,300000.0,0.0
,grossProfitRatio,0.99175103112111,0.0,0.75527974170653,0.632164029696106,0.75524432547595,0.829664853958021,0.855285553711931,0.816623249964711,0.825805825025121,0.824639956882926,0.76469715164681,0.785719921104536,0.958468233246301,0.0,0.982901463070686,0.311958405545927,0.523255813953488,0.0,0.0,0.0,1128134.0,519876.0,6.0,3.0,0.0
,,,,,,,,,,,,,,,,,,,,,,,,,,,,,,,,,,,,,,,,,,,,,,,,,,,,,,,,,,,,,,,,,,,,,,,,,,,,,,,,,,,,,,,,,,,,,,,,,,,,,
COST And EXPENSES,,,,,,,,,,,,,,,,,,,,,,,,,,,,,,,,,,,,,,,,,,,,,,,,,,,,,,,,,,,,,,,,,,,,,,,,,,,,,,,,,,,,,,,,,,,,,,,,,,,,,
,ResearchAndDevelopmentExpenses,-43.0,79325000.0,94956000.0,65895000.0,58936000.0,50766000.0,69662000.0,46670000.0,42544000.0,27720000.0,57301000.0,21058000.0,26683000.0,33285000.0,17872000.0,12600000.0,6954000.0,3683000.0,12726499.0,20611119.0,38766884.0,20057687.0,8500000.0,4500000.0,600000.0
,GeneralAndAdministrativeExpenses,0.0,0.0,0.0,0.0,0.0,0.0,0.0,0.0,0.0,0.0,0.0,0.0,0.0,0.0,0.0,0.0,0.0,0.0,0.0,7579866.0,5106812.0,3465443.0,3100000.0,2300000.0,700000.0
,SellingAndMarketingExpenses,0.0,0.0,0.0,0.0,0.0,0.0,0.0,0.0,0.0,0.0,0.0,0.0,0.0,0.0,0.0,0.0,0.0,0.0,0.0,0.0,0.0,0.0,0.0,0.0,0.0
,otherExpenses,88.0,-8892000.0,9580000.0,389000.0,887000.0,-1249000.0,-4367000.0,1470000.0,-844000.0,0.0,0.0,0.0,0.0,0.0,0.0,0.0,0.0,0.0,0.0,0.0,0.0,0.0,0.0,0.0,0.0
,operatingExpenses,264.0,140698000.0,213754000.0,177809000.0,172229000.0,175599000.0,191362000.0,166059000.0,141250000.0,103993000.0,109571000.0,58385000.0,42002000.0,44867000.0,31469000.0,20102000.0,12935000.0,11305000.0,16828934.0,28190985.0,45001829.0,24043005.0,12100000.0,7000000.0,1300000.0
,costAndExpenses,264.0,140698000.0,240510000.0,225027000.0,208072000.0,203288000.0,218399000.0,194639000.0,187883000.0,137831000.0,127010000.0,66533000.0,43195000.0,44867000.0,31566000.0,20499000.0,13058000.0,11305000.0,16828934.0,28190985.0,43873696.0,23523130.0,11600000.0,6800000.0,1300000.0
,interestExpense,0.0,-4996000.0,340000.0,6798000.0,9435000.0,9074000.0,8584000.0,2192000.0,0.0,0.0,0.0,0.0,0.0,0.0,0.0,0.0,0.0,17000.0,0.0,0.0,1857640.0,0.0,0.0,0.0,0.0
,,,,,,,,,,,,,,,,,,,,,,,,,,,,,,,,,,,,,,,,,,,,,,,,,,,,,,,,,,,,,,,,,,,,,,,,,,,,,,,,,,,,,,,,,,,,,,,,,,,,,
EBITDA,,,,,,,,,,,,,,,,,,,,,,,,,,,,,,,,,,,,,,,,,,,,,,,,,,,,,,,,,,,,,,,,,,,,,,,,,,,,,,,,,,,,,,,,,,,,,,,,,,,,,
,depreciationAndAmortization,261.0,3335000.0,28098000.0,27647000.0,25946000.0,38319000.0,24288000.0,20074000.0,6741000.0,3720000.0,3720000.0,3720000.0,158000.0,255000.0,198000.0,682000.0,425000.0,346000.0,1328164.0,2270469.0,1128133.0,519875.0,500000.0,200000.0,0.0
,EBITDA,10665.0,-137363000.0,-103079000.0,-69013000.0,-35682000.0,-2413000.0,-7281000.0,-18711000.0,86565000.0,58852000.0,-49177000.0,-24788000.0,-14312000.0,-36940000.0,-25695000.0,-19240000.0,-12375000.0,-9959000.0,-13129383.0,-25879403.0,-42745562.0,-23003254.0,-11000000.0,-6500000.0,-1500000.0
,EBITDARatio,0.000999718785151856,0.0,-0.942798606093311,-0.537622597708134,-0.243656278167764,-0.0148441152587416,-0.038971257292726,-0.120054666546896,0.323357252518612,0.304991112285775,-0.66354080930471,-0.651886916502301,-0.498241949521323,-4.81491136600626,-4.52934955050238,-33.3448873483536,-47.9651162790698,-9.959,-5.53658386421111,-629.470070294068,-42745562.0,-23003254.0,-110.0,-65.0,-15.0
,,,,,,,,,,,,,,,,,,,,,,,,,,,,,,,,,,,,,,,,,,,,,,,,,,,,,,,,,,,,,,,,,,,,,,,,,,,,,,,,,,,,,,,,,,,,,,,,,,,,,
INCOME,,,,,,,,,,,,,,,,,,,,,,,,,,,,,,,,,,,,,,,,,,,,,,,,,,,,,,,,,,,,,,,,,,,,,,,,,,,,,,,,,,,,,,,,,,,,,,,,,,,,,
,operatingIncome,10404.0,-140698000.0,-131177000.0,-96660000.0,-61628000.0,-40732000.0,-31569000.0,-38785000.0,79824000.0,55132000.0,-52897000.0,-28508000.0,-14470000.0,-37195000.0,-25893000.0,-19922000.0,-12800000.0,-10305000.0,-14457547.0,-28149872.0,-43873695.0,-23523129.0,-11500000.0,-6700000.0,-1200000.0
,operatingIncomeRatio,0.97525309336333,0.0,-1.19979329205272,-0.752997265652387,-0.420829805249788,-0.250572110534216,-0.168971792538672,-0.248854697344951,0.298176738000874,0.285712805045527,-0.713734432555692,-0.749717291255753,-0.503742384682332,-4.84814911366006,-4.56425171866737,-34.526863084922,-49.6124031007752,-10.305,-6.09666283908953,-684.695157249532,-43873695.0,-23523129.0,-115.0,-67.0,-12.0
,totalOtherIncomeExpensesNet,0.0,-8892000.0,11507000.0,-4568000.0,238000.0,-573000.0,-3380000.0,4341000.0,-844000.0,-2911000.0,4010000.0,8737000.0,-3535000.0,3139000.0,581000.0,1279000.0,2000.0,-151000.0,-3213869.0,-200694.0,-8702.0,-2223365.0,200000.0,700000.0,300000.0
,incomeBeforeTax,10404.0,-144594000.0,-120010000.0,-108026000.0,-70825000.0,-50379000.0,-43533000.0,-36636000.0,78980000.0,52221000.0,-48887000.0,-19771000.0,0.0,0.0,0.0,-18643000.0,0.0,0.0,0.0,0.0,0.0,0.0,0.0,0.0,0.0
,incomeBeforeTaxRatio,0.97525309336333,0.0,-1.09765578553593,-0.841540271253515,-0.483631968534047,-0.30991781293831,-0.233008617459723,-0.235066151654754,0.295024037473805,0.270627011395967,-0.65962786555665,-0.519947403024326,0.0,0.0,0.0,-32.3102253032929,0.0,0.0,0.0,0.0,0.0,0.0,0.0,0.0,0.0
,incomeTaxExpense,0.0,-9208000.0,1000.0,-16778000.0,-2313000.0,406000.0,2186000.0,25498000.0,-15565000.0,3704000.0,-43000.0,-421000.0,0.0,0.0,0.0,0.0,0.0,0.0,0.0,0.0,0.0,0.0,0.0,0.0,0.0
,netIncome,10404.0,-112689000.0,-120011000.0,-91248000.0,-68512000.0,-50785000.0,-45719000.0,-62134000.0,94545000.0,48517000.0,-48844000.0,-19046000.0,-15467000.0,-34036000.0,-23284000.0,-18642000.0,-12286000.0,-10390000.0,-17633861.0,-27834820.0,-46427287.0,-25989905.0,-11600000.0,-6200000.0,-1000000.0
,netIncomeRatio,0.97525309336333,0.0,-1.09766493190528,-0.710836897333427,-0.467837535167026,-0.312415413765103,-0.244709093828614,-0.398667984139002,0.353165961293504,0.251431621606215,-0.659047670449179,-0.500880999342538,-0.538450826805918,-4.43639207507821,-4.10435395734179,-32.3084922010399,-47.6201550387597,-10.39,-7.43609583758366,-677.032082309732,-46427287.0,-25989905.0,-116.0,-62.0,-10.0
,,,,,,,,,,,,,,,,,,,,,,,,,,,,,,,,,,,,,,,,,,,,,,,,,,,,,,,,,,,,,,,,,,,,,,,,,,,,,,,,,,,,,,,,,,,,,,,,,,,,,
EPS,,,,,,,,,,,,,,,,,,,,,,,,,,,,,,,,,,,,,,,,,,,,,,,,,,,,,,,,,,,,,,,,,,,,,,,,,,,,,,,,,,,,,,,,,,,,,,,,,,,,,
,EPS,7.91445168455841e-05,-1.02,-1.16,-1.07,-0.94,-0.78,-0.71,-1.02,1.61,0.91,-0.99,-0.48,-0.49,-1.17,-0.96,-1.06,-0.98,-4.83,-12.34,-36.5,-109.25,-92.0,-51.75,-28.5,-7.75
,EPSDiluted,7.91445168455841e-05,-1.02,-1.16,-1.07,-0.94,-0.78,-0.71,-1.02,1.46,0.84,-0.99,-0.48,-0.49,-1.17,-0.96,-1.06,-0.98,-4.83,-12.34,-36.5,-109.25,-92.0,-51.75,-28.5,-7.75
,weightedAverageShsOut,131455727.0,110585768.0,103305911.0,85115592.0,72824070.0,64882417.0,64708163.0,60729128.0,58588916.0,53272767.0,49502854.0,39273905.0,31551152.0,29013850.0,24311306.0,17659602.0,12674506.0,4169374.0,1429380.0,786980.0,425176.0,284201.0,224617.0,216233.0,134981.0
,weightedAverageShsOutDil,131455727.0,110585768.0,103305911.0,85115592.0,72824070.0,64882417.0,64708163.0,60729128.0,64637256.0,57959714.0,49502854.0,39273905.0,31551152.0,29013850.0,24311306.0,17659602.0,12674506.0,4169374.0,1429380.0,786980.0,425176.0,284201.0,224617.0,216233.0,134981.0
