date,,2021-01-03_FY,2019-12-29_FY,2018-12-30_FY,2017-12-31_FY,2017-01-01_FY,2016-01-03_FY,2014-12-28_FY,2013-12-29_FY,2012-12-30_FY,2012-01-01_FY,2011-01-02_FY,2010-01-03_FY,2008-12-28_FY,2007-12-30_FY,2006-12-31_FY,2005-12-31_FY,2005-01-02_FY,2003-12-28_FY,2002-12-31_FY,2001-12-31_FY
,revenue,0.0,1864225000.0,1726085000.0,1871813000.0,2552637000.0,1576473000.0,3027300000.0,2507200000.0,2417500000.0,2374400000.0,2219200000.0,1524300000.0,1437600000.0,774800000.0,236510000.0,78736000.0,10900000.0,5000000.0,4055000.0,5577000.0
,costOfRevenue,0.0,1738320000.0,1668066000.0,1887084000.0,2330818000.0,1331827000.0,2402100000.0,2016100000.0,2171100000.0,2148200000.0,1709300000.0,1240600000.0,1088000000.0,627000000.0,186042000.0,74353000.0,15600000.0,5000000.0,3198000.0,5977000.0
,grossProfit,167127000.0,125905000.0,58019000.0,-15271000.0,221819000.0,244646000.0,625200000.0,491100000.0,246400000.0,226200000.0,509900000.0,283700000.0,349600000.0,147800000.0,50468000.0,4383000.0,-5000000.0,-700000.0,857000.0,-400000.0
,grossProfitRatio,0.0,0.0675374485375961,0.0336130607704719,-0.00815840043850534,0.0868979804022272,0.155185658111493,0.206520661976018,0.195875877472878,0.101923474663909,0.0952661725067386,0.229767483777938,0.186118218198517,0.243183082915971,0.190758905524006,0.21338632615957,0.0556670392196708,-0.458715596330275,-0.14,0.21134401972873,-0.0717231486462256
,,,,,,,,,,,,,,,,,,,,,,,,,,,,,,,,,,,,,,,,,,,,,,,,,,,,,,,,,,,,,,,,,,,,,,,,,,,,,,,,,,,,,,,,,,,,,,,,,,,,,
COST And EXPENSES,,,,,,,,,,,,,,,,,,,,,,,,,,,,,,,,,,,,,,,,,,,,,,,,,,,,,,,,,,,,,,,,,,,,,,,,,,,,,,,,,,,,,,,,,,,,,,,,,,,,,
,ResearchAndDevelopmentExpenses,22381000.0,67515000.0,81705000.0,80785000.0,116889000.0,99063000.0,73300000.0,58100000.0,63500000.0,57800000.0,49100000.0,31600000.0,21500000.0,13600000.0,9684000.0,6488000.0,13500000.0,9800000.0,2532000.0,914000.0
,GeneralAndAdministrativeExpenses,164703000.0,260443000.0,260111000.0,277033000.0,332757000.0,345486000.0,288300000.0,271500000.0,310200000.0,331400000.0,293900000.0,185000000.0,169000000.0,108300000.0,21677000.0,10880000.0,5800000.0,3200000.0,1396000.0,0.0
,SellingAndMarketingExpenses,0.0,0.0,0.0,0.0,0.0,0.0,0.0,0.0,0.0,0.0,0.0,0.0,0.0,0.0,0.0,0.0,0.0,0.0,0.0,0.0
,otherExpenses,660581000.0,124083000.0,210134000.0,-10941000.0,207189000.0,6391000.0,12223000.0,2602000.0,160404000.0,371161000.0,44546000.0,1240563000.0,-20883000.0,-7871000.0,0.0,0.0,0.0,0.0,0.0,0.0
,operatingExpenses,173139000.0,224020000.0,907050000.0,357818000.0,593686000.0,450940000.0,373900000.0,332200000.0,534100000.0,754000000.0,371100000.0,221800000.0,195200000.0,145500000.0,31361000.0,17368000.0,19300000.0,13000000.0,3928000.0,0.0
,costAndExpenses,173139000.0,1962340000.0,2575116000.0,2244902000.0,2924504000.0,1782767000.0,2776000000.0,2348300000.0,2705200000.0,2902200000.0,2080400000.0,1462400000.0,1283200000.0,772500000.0,217403000.0,91721000.0,34900000.0,18000000.0,7126000.0,14202000.0
,interestExpense,33153000.0,53353000.0,108011000.0,89754000.0,60735000.0,43796000.0,69658000.0,108739000.0,84120000.0,67022000.0,55276000.0,35635000.0,4387000.0,5071000.0,0.0,0.0,-4800000.0,-1500000.0,0.0,0.0
,,,,,,,,,,,,,,,,,,,,,,,,,,,,,,,,,,,,,,,,,,,,,,,,,,,,,,,,,,,,,,,,,,,,,,,,,,,,,,,,,,,,,,,,,,,,,,,,,,,,,
EBITDA,,,,,,,,,,,,,,,,,,,,,,,,,,,,,,,,,,,,,,,,,,,,,,,,,,,,,,,,,,,,,,,,,,,,,,,,,,,,,,,,,,,,,,,,,,,,,,,,,,,,,
,depreciationAndAmortization,48304.0,80081000.0,127204000.0,188698000.0,170537000.0,138007000.0,108800000.0,98200000.0,117800000.0,130500000.0,140700000.0,101100000.0,71300000.0,55800000.0,21053000.0,11851000.0,2700000.0,1300000.0,200000.0,0.0
,EBITDA,-5963696.0,-18034000.0,-721827000.0,-184391000.0,-201330000.0,-68287000.0,360000000.0,257100000.0,-169900000.0,-397300000.0,279600000.0,162900000.0,225700000.0,58100000.0,40160000.0,-1134000.0,-21400000.0,-11700000.0,-2871000.0,-8625000.0
,EBITDARatio,0.0,-0.00967372500636994,-0.418187400968087,-0.0985093062180891,-0.0788713788917108,-0.0433163143295191,0.118917847586959,0.102544671346522,-0.0702792140641158,-0.167326482479784,0.125991348233598,0.106868726628616,0.156997774067891,0.0749870934434693,0.16980254534692,-0.014402560455192,-1.96330275229358,-2.34,-0.708014796547472,-1.54653039268424
,,,,,,,,,,,,,,,,,,,,,,,,,,,,,,,,,,,,,,,,,,,,,,,,,,,,,,,,,,,,,,,,,,,,,,,,,,,,,,,,,,,,,,,,,,,,,,,,,,,,,
INCOME,,,,,,,,,,,,,,,,,,,,,,,,,,,,,,,,,,,,,,,,,,,,,,,,,,,,,,,,,,,,,,,,,,,,,,,,,,,,,,,,,,,,,,,,,,,,,,,,,,,,,
,operatingIncome,-6012000.0,-98115000.0,-849031000.0,-373089000.0,-371867000.0,-206294000.0,251200000.0,158900000.0,-287700000.0,-527800000.0,138900000.0,61800000.0,154400000.0,2300000.0,19107000.0,-12985000.0,-24100000.0,-13000000.0,-3071000.0,-8625000.0
,operatingIncomeRatio,0.0,-0.0526304496506591,-0.491882497096029,-0.199319590151367,-0.145679546288799,-0.13085793413525,0.0829782314273445,0.063377472878111,-0.119007238883144,-0.222287735849057,0.0625901225666907,0.0405432001574493,0.10740122426266,0.00296850800206505,0.0807872817217031,-0.164918207681366,-2.21100917431193,-2.6,-0.757336621454994,-1.54653039268424
,totalOtherIncomeExpensesNet,660581000.0,174300000.0,14618000.0,-656321000.0,1075000.0,3438000.0,-6700000.0,-7000000.0,-10800000.0,12100000.0,500000.0,100000.0,-300000.0,300000.0,1077000.0,377000.0,0.0,0.0,31000.0,0.0
,incomeBeforeTax,654569000.0,25968000.0,-898671000.0,-1117064000.0,-528392000.0,-242311000.0,184600000.0,41600000.0,-329700000.0,-602500000.0,183400000.0,43600000.0,-97900000.0,6500000.0,28461000.0,-15793000.0,-28900000.0,-14500000.0,-3533000.0,-2888000.0
,incomeBeforeTaxRatio,0.0,0.0139296490498733,-0.5206412198704,-0.596781836647144,-0.206998488230015,-0.153704503661021,0.0609784296237571,0.0165922144224633,-0.136380558428128,-0.253748315363881,0.0826423936553713,0.0286032933149642,-0.0680996104618809,0.00838926174496644,0.120337406452158,-0.20058169071327,-2.65137614678899,-2.9,-0.871270036991369,-0.517841133225749
,incomeTaxExpense,-57549000.0,26631000.0,1010000.0,-3943000.0,7318000.0,66694000.0,8800000.0,11900000.0,21800000.0,17200000.0,23400000.0,21000000.0,40600000.0,-22100000.0,1945000.0,50000.0,0.0,0.0,0.0,0.0
,netIncome,474026000.0,22159000.0,-811091000.0,-851163000.0,-448635000.0,-187019000.0,245900000.0,95600000.0,-352000000.0,-613700000.0,178700000.0,32500000.0,-124400000.0,28300000.0,26516000.0,-15843000.0,-28900000.0,-14500000.0,-3533000.0,-2888000.0
,netIncomeRatio,0.0,0.0118864407461546,-0.469902119536408,-0.454726513813079,-0.175753544275978,-0.118631273735738,0.0812274964489809,0.038130185067007,-0.145604963805584,-0.258465296495957,0.0805245133381399,0.0213212622187233,-0.0865331107401224,0.0365255549819308,0.112113652699674,-0.20121672424304,-2.65137614678899,-2.9,-0.871270036991369,-0.517841133225749
,,,,,,,,,,,,,,,,,,,,,,,,,,,,,,,,,,,,,,,,,,,,,,,,,,,,,,,,,,,,,,,,,,,,,,,,,,,,,,,,,,,,,,,,,,,,,,,,,,,,,
EPS,,,,,,,,,,,,,,,,,,,,,,,,,,,,,,,,,,,,,,,,,,,,,,,,,,,,,,,,,,,,,,,,,,,,,,,,,,,,,,,,,,,,,,,,,,,,,,,,,,,,,
,EPS,2.79420675995897,0.153035995469488,-5.75957,-6.11,-3.25133,-1.38652,1.91161037042796,0.791266274344267,-3.00598,-6.28147,1.86807443027389,0.356946732564525,-1.54491940090907,0.375266863803323,0.4,-0.68,-0.48328,-0.24247,-1.11,-0.76
,EPSDiluted,2.79420675995897,0.150205049991527,-5.75957,-6.11,-3.25133,-1.38652,1.51089701445767,0.68786875809469,-3.00598,-6.28147,1.69066585933509,0.3504194250965,-1.47313075811761,0.3484063180962,0.37,-0.68,-0.48328,-0.24247,-1.11,-0.76
,weightedAverageShsOut,169646000.0,144796000.0,140825000.0,139370000.0,137985000.0,134884000.0,128635000.0,120819000.0,117093000.0,97724000.0,95660000.0,91050000.0,80522000.0,75413000.0,65864000.0,23306000.0,59800000.0,59800000.0,3188000.0,3782000.0
,weightedAverageShsOutDil,169646000.0,147525000.0,140825000.0,139370000.0,137985000.0,134884000.0,162751000.0,138980000.0,117093000.0,97724000.0,105698000.0,92746000.0,84446000.0,81227000.0,71087000.0,23306000.0,59800000.0,59800000.0,3188000.0,3782000.0
