date,,2020-12-31_FY,2019-12-31_FY,2018-12-31_FY,2017-12-31_FY,2016-12-31_FY,2015-12-31_FY,2014-12-31_FY,2013-12-31_FY,2012-12-31_FY,2011-12-31_FY,2010-12-31_FY,2009-12-31_FY,2008-12-31_FY,2007-12-31_FY,2006-12-31_FY,2005-12-31_FY,2004-12-31_FY,2003-12-31_FY
,revenue,39986000.0,31432000.0,21193000.0,151856000.0,8152000.0,4590000.0,3825000.0,460148.0,583774.0,529184.0,682568.0,0.0,0.0,0.0,0.0,0.0,0.0,0.0
,costOfRevenue,9940000.0,12237000.0,7060000.0,3945000.0,811000.0,1950000.0,2043000.0,4440.0,0.0,0.0,0.0,0.0,0.0,0.0,0.0,0.0,0.0,0.0
,grossProfit,30046000.0,19195000.0,14133000.0,147911000.0,7341000.0,2640000.0,1782000.0,455708.0,0.0,529184.0,682568.0,0.0,0.0,0.0,0.0,0.0,0.0,0.0
,grossProfitRatio,0.751412994548092,0.61068337999491,0.666871136696079,0.974021441365504,0.900515210991168,0.57516339869281,0.465882352941176,0.990350930570164,0.0,1.0,1.0,0.0,0.0,0.0,0.0,0.0,0.0,0.0
,,,,,,,,,,,,,,,,,,,,,,,,,,,,,,,,,,,,,,,,,,,,,,,,,,,,,,,,,,,,,,,,,,,,,,,,,,,,,,,,,,,,,,,,,,,,,,,,,,,,,
COST And EXPENSES,,,,,,,,,,,,,,,,,,,,,,,,,,,,,,,,,,,,,,,,,,,,,,,,,,,,,,,,,,,,,,,,,,,,,,,,,,,,,,,,,,,,,,,,,,,,,,,,,,,,,
,ResearchAndDevelopmentExpenses,111340000.0,106879000.0,76963000.0,55532000.0,42175000.0,31343000.0,23983000.0,9016623.0,3830404.0,2570406.0,1392345.0,410171.0,0.0,0.0,0.0,0.0,0.0,0.0
,GeneralAndAdministrativeExpenses,116179000.0,103557000.0,63638000.0,38332000.0,24219000.0,20132000.0,9987000.0,6317157.0,1605978.0,1201220.0,1102395.0,543952.0,190515.0,240630.0,439285.0,0.0,0.0,0.0
,SellingAndMarketingExpenses,0.0,0.0,0.0,0.0,0.0,0.0,0.0,0.0,0.0,0.0,0.0,0.0,0.0,0.0,0.0,0.0,0.0,0.0
,otherExpenses,-1378000.0,0.0,0.0,0.0,0.0,0.0,0.0,0.0,0.0,0.0,0.0,0.0,0.0,0.0,0.0,0.0,0.0,0.0
,operatingExpenses,231572000.0,214377000.0,143610000.0,96474000.0,67239000.0,52632000.0,36315000.0,16137850.0,5436382.0,3771626.0,2494740.0,954123.0,190515.0,240630.0,439285.0,0.0,0.0,0.0
,costAndExpenses,241512000.0,226614000.0,150670000.0,100419000.0,68050000.0,54582000.0,38358000.0,16142290.0,5436382.0,3771626.0,2494740.0,954123.0,190515.0,240630.0,439285.0,0.0,0.0,0.0
,interestExpense,20181000.0,36139000.0,57631000.0,4980000.0,1610000.0,1652000.0,1629000.0,253194.0,0.0,0.0,0.0,0.0,0.0,0.0,0.0,0.0,0.0,763.0
,,,,,,,,,,,,,,,,,,,,,,,,,,,,,,,,,,,,,,,,,,,,,,,,,,,,,,,,,,,,,,,,,,,,,,,,,,,,,,,,,,,,,,,,,,,,,,,,,,,,,
EBITDA,,,,,,,,,,,,,,,,,,,,,,,,,,,,,,,,,,,,,,,,,,,,,,,,,,,,,,,,,,,,,,,,,,,,,,,,,,,,,,,,,,,,,,,,,,,,,,,,,,,,,
,depreciationAndAmortization,4053000.0,3941000.0,3009000.0,2610000.0,845000.0,1157000.0,2345000.0,804070.0,293302.0,159219.0,23413.0,2755.0,0.0,0.0,0.0,0.0,0.0,0.0
,EBITDA,-197473000.0,-191241000.0,-126468000.0,54047000.0,-59053000.0,-48835000.0,-32188000.0,-14878072.0,-4559306.0,-3083223.0,-1788759.0,-951368.0,-190515.0,-210630.0,-439285.0,0.0,0.0,0.0
,EBITDARatio,-4.9385534937228,-6.0842771697633,-5.96744207993205,0.355909545885576,-7.24398920510304,-10.6394335511983,-8.41516339869281,-32.3332319166877,-7.81005320552131,-5.82637230150571,-2.62063120451003,0.0,0.0,0.0,0.0,0.0,0.0,0.0
,,,,,,,,,,,,,,,,,,,,,,,,,,,,,,,,,,,,,,,,,,,,,,,,,,,,,,,,,,,,,,,,,,,,,,,,,,,,,,,,,,,,,,,,,,,,,,,,,,,,,
INCOME,,,,,,,,,,,,,,,,,,,,,,,,,,,,,,,,,,,,,,,,,,,,,,,,,,,,,,,,,,,,,,,,,,,,,,,,,,,,,,,,,,,,,,,,,,,,,,,,,,,,,
,operatingIncome,-201526000.0,-195182000.0,-129477000.0,51437000.0,-59898000.0,-49992000.0,-34533000.0,-15682142.0,-4852608.0,-3242442.0,-1812172.0,-954123.0,-190515.0,-240630.0,-439285.0,0.0,0.0,0.0
,operatingIncomeRatio,-5.03991396988946,-6.20965894629677,-6.10942292266314,0.338722210515225,-7.34764474975466,-10.8915032679739,-9.02823529411765,-34.0806479654372,-8.31247708873639,-6.12724874523795,-2.65493254884495,0.0,0.0,0.0,0.0,0.0,0.0,0.0
,totalOtherIncomeExpensesNet,-88897000.0,-129346000.0,-27594000.0,-31383000.0,-3597000.0,37860000.0,-209000.0,-5985542.0,0.0,0.0,0.0,0.0,0.0,-30000.0,0.0,-308031.0,0.0,0.0
,incomeBeforeTax,-310580000.0,-359576000.0,-213781000.0,15315000.0,-64833000.0,-13760000.0,-36359000.0,-21911263.0,-4845308.0,0.0,0.0,0.0,0.0,0.0,0.0,0.0,0.0,0.0
,incomeBeforeTaxRatio,-7.76721852648427,-11.4398065665564,-10.0873401594866,0.100852123063955,-7.95301766437684,-2.99782135076253,-9.50562091503268,-47.6178599059433,-8.29997224953492,0.0,0.0,0.0,0.0,0.0,0.0,0.0,0.0,0.0
,incomeTaxExpense,-2014000.0,-473000.0,-6274000.0,-36038000.0,-896000.0,36314000.0,-1702000.0,0.0,0.0,0.0,0.0,0.0,0.0,0.0,0.0,0.0,0.0,0.0
,netIncome,-298461000.0,-292068000.0,-203540000.0,9132000.0,-60923000.0,-45811000.0,-34657000.0,-21911263.0,-4845308.0,-3236491.0,-1808386.0,-942266.0,-188902.0,-270621.0,-439285.0,-308031.0,-763.0,-763.0
,netIncomeRatio,-7.46413744810684,-9.29205904810384,-9.60411456613033,0.0601359182383311,-7.47338076545633,-9.98061002178649,-9.06065359477124,-47.6178599059433,-8.29997224953492,-6.11600312934631,-2.64938584873595,0.0,0.0,0.0,0.0,0.0,0.0,0.0
,,,,,,,,,,,,,,,,,,,,,,,,,,,,,,,,,,,,,,,,,,,,,,,,,,,,,,,,,,,,,,,,,,,,,,,,,,,,,,,,,,,,,,,,,,,,,,,,,,,,,
EPS,,,,,,,,,,,,,,,,,,,,,,,,,,,,,,,,,,,,,,,,,,,,,,,,,,,,,,,,,,,,,,,,,,,,,,,,,,,,,,,,,,,,,,,,,,,,,,,,,,,,,
,EPS,-1.3,-2.2,-1.92,0.130939749361934,-1.21,-1.24,-1.3,-1.46,-0.5,-0.25,-0.25,-0.25,-0.5,-1.049207,-15.0,-10.842726,-0.026858,-0.026858
,EPSDiluted,-1.3,-2.35,-1.92,0.129750927096802,-1.21,-1.24,-1.3,-1.46,-0.5,-0.25,-0.25,-0.25,-0.5,-1.049207,-15.0,-10.842726,-0.026858,-0.026858
,weightedAverageShsOut,229823000.0,132732000.0,106150000.0,69742000.0,50360000.0,36909000.0,26679000.0,15045711.0,11405042.0,9921930.0,8833995.0,6083758.0,378022.0,257929.0,28409.0,28409.0,28409.0,28409.0
,weightedAverageShsOutDil,229823000.0,140514000.0,106150000.0,70381000.0,50360000.0,36909000.0,26679000.0,15045711.0,11405042.0,9921930.0,8833995.0,6083758.0,378022.0,257929.0,28409.0,28409.0,28409.0,28409.0
