Date,2018-12-31,2017-12-31,2016-12-31,2015-12-31,2014-12-31,2013-12-31,2012-12-31,2011-12-31,2010-12-31,2009-12-31
Revenue,1037667000.0,957958000.0,690123000.0,623595000.0,672230000.0,556236000.0,630507000.0,501156000.0,459893000.0,390847000.0
Revenue Growth,0.0832,0.3881,0.1067,-0.0723,0.2085,-0.1178,0.2581,0.0897,0.1767,-0.0584
Cost of Revenue,927335000.0,868866000.0,648065000.0,595944000.0,639809000.0,586180000.0,583035000.0,461319000.0,397188000.0,336478000.0
Gross Profit,110332000.0,89092000.0,42058000.0,27651000.0,32421000.0,-29944000.0,47472000.0,39837000.0,62705000.0,54369000.0
R&D Expenses,0.0,0.0,0.0,0.0,0.0,0.0,0.0,0.0,0.0,0.0
SG&A Expense,50620000.0,48351000.0,36844000.0,40466000.0,36897000.0,40951000.0,35187000.0,24785000.0,24895000.0,14971000.0
Operating Expenses,67721000.0,62916000.0,46787000.0,42038000.0,36645000.0,39214000.0,31481000.0,92071000.0,26795000.0,17431000.0
Operating Income,42611000.0,26176000.0,-4729000.0,-14387000.0,-4224000.0,-69158000.0,15991000.0,-52234000.0,35910000.0,36938000.0
Interest Expense,12350000.0,9800000.0,2628000.0,3012000.0,1123000.0,616000.0,944000.0,1231000.0,1187000.0,234000.0
Earnings before Tax,26925000.0,11735000.0,-9150000.0,-39169000.0,-9149000.0,-72707000.0,-876000.0,-52912000.0,29357000.0,35971000.0
Income Tax Expense,1738000.0,118000.0,88000.0,7000.0,632000.0,1222000.0,-579000.0,-17012000.0,10270000.0,12267000.0
Net Income - Non-Controlling int,4353000.0,4200000.0,1826000.0,21990000.0,4556000.0,3903000.0,18009000.0,1196000.0,7137000.0,1824000.0
Net Income - Discontinued ops,0.0,0.0,0.0,0.0,0.0,0.0,0.0,0.0,0.0,0.0
Net Income,25187000.0,11617000.0,-9238000.0,-39176000.0,-9781000.0,-73929000.0,-297000.0,-35900000.0,19087000.0,23704000.0
Preferred Dividends,0.0,0.0,0.0,0.0,0.0,0.0,0.0,0.0,0.0,0.0
Net Income Com,25187000.0,11617000.0,-9238000.0,-39176000.0,-9781000.0,-73929000.0,-297000.0,-35900000.0,19087000.0,23704000.0
EPS,0.94,0.44,-0.4,-2.02,-0.54,-4.91,-0.26,-2.24,1.15,1.77
EPS Diluted,0.93,0.43,-0.4,-2.02,-0.54,-4.91,-0.26,-2.24,1.13,1.71
Weighted Average Shs Out,27068353.0,27051143.0,25002964.0,19588170.0,18802779.0,16662824.0,16495216.0,16321112.0,16351162.0,13288244.0
Weighted Average Shs Out (Dil),26903000.0,26274000.0,23140000.0,19375000.0,18064000.0,16635179.0,16420886.0,16395739.0,16194708.0,13358903.0
Dividend per Share,0.0,0.0,0.0,0.0,0.0,0.0,0.0,0.0,0.0,0.0
Gross Margin,0.1063,0.093,0.0609,0.0443,0.0482,-0.0538,0.0753,0.0795,0.1363,0.1391
EBITDA Margin,0.054,0.04,0.013,-0.032,0.015,-0.096,0.03,-0.069,0.101,0.128
EBIT Margin,0.0378,0.0225,-0.0095,-0.058,-0.0119,-0.1296,0.0001,-0.1031,0.0664,0.0926
Profit Margin,0.024,0.012,-0.013,-0.063,-0.015,-0.133,0.0,-0.072,0.042,0.061
Free Cash Flow margin,0.0271,0.0248,0.0523,0.0146,-0.0267,-0.0533,-0.0002,-0.0034,0.0767,0.1087
EBITDA,56045000.0,38529000.0,9177000.0,-19921000.0,10322000.0,-53441000.0,19065000.0,-34359000.0,46314000.0,49935000.0
EBIT,39275000.0,21535000.0,-6522000.0,-36157000.0,-8026000.0,-72091000.0,68000.0,-51681000.0,30544000.0,36205000.0
Consolidated Income,29540000.0,15817000.0,-7412000.0,-17186000.0,-5225000.0,-70026000.0,17712000.0,-34704000.0,26224000.0,25528000.0
Earnings Before Tax Margin,0.0259,0.0123,-0.0133,-0.0628,-0.0136,-0.1307,-0.0014,-0.1056,0.0638,0.092
Net Profit Margin,0.0243,0.0121,-0.0134,-0.0628,-0.0146,-0.1329,-0.0005,-0.0716,0.0415,0.0606
