date,,2020-07-03_FY,2019-06-28_FY,2018-06-29_FY,2017-06-30_FY,2016-07-01_FY,2015-07-03_FY,2014-06-27_FY,2013-06-28_FY,2012-06-29_FY,2011-07-01_FY,2010-07-02_FY,2009-07-03_FY,2008-06-27_FY,2007-06-29_FY,2006-06-30_FY,2005-07-01_FY,2004-07-02_FY,2003-06-27_FY,2002-06-28_FY,2001-06-29_FY
,revenue,10509000000.0,10390000000.0,11184000000.0,10771000000.0,11160000000.0,13739000000.0,13724000000.0,14351000000.0,14939000000.0,10971000000.0,11395000000.0,9805000000.0,12708000000.0,11360000000.0,9206000000.0,7553000000.0,6224000000.0,6486000000.0,6087000000.0,5966000000.0
,costOfRevenue,7667000000.0,7458000000.0,7820000000.0,7597000000.0,8545000000.0,9929000000.0,9878000000.0,10411000000.0,10255000000.0,8825000000.0,8191000000.0,8395000000.0,9503000000.0,9175000000.0,7069000000.0,5880000000.0,4765000000.0,4759000000.0,4494000000.0,4959000000.0
,grossProfit,2842000000.0,2932000000.0,3364000000.0,3174000000.0,2615000000.0,3810000000.0,3846000000.0,3940000000.0,4684000000.0,2146000000.0,3204000000.0,1410000000.0,3205000000.0,2185000000.0,2137000000.0,1673000000.0,1459000000.0,1727000000.0,1593000000.0,1007000000.0
,grossProfitRatio,0.270434865353507,0.282194417709336,0.300786838340486,0.294680159688051,0.234318996415771,0.277312759298348,0.280238997376858,0.274545327851718,0.313541736394672,0.195606599216115,0.28117595436595,0.143804181540031,0.252203336480957,0.192341549295775,0.232131218770367,0.221501390176089,0.234415167095116,0.266265803268578,0.26170527353376,0.168789808917197
,,,,,,,,,,,,,,,,,,,,,,,,,,,,,,,,,,,,,,,,,,,,,,,,,,,,,,,,,,,,,,,,,,,,,,,,,,,,,,,,,,,,,,,,,,,,,,,,,,,,,
COST And EXPENSES,,,,,,,,,,,,,,,,,,,,,,,,,,,,,,,,,,,,,,,,,,,,,,,,,,,,,,,,,,,,,,,,,,,,,,,,,,,,,,,,,,,,,,,,,,,,,,,,,,,,,
,ResearchAndDevelopmentExpenses,973000000.0,991000000.0,1026000000.0,1232000000.0,1237000000.0,1353000000.0,1226000000.0,1133000000.0,1006000000.0,875000000.0,877000000.0,953000000.0,1028000000.0,904000000.0,805000000.0,645000000.0,666000000.0,670000000.0,698000000.0,797000000.0
,GeneralAndAdministrativeExpenses,0.0,0.0,0.0,0.0,0.0,0.0,0.0,0.0,0.0,0.0,0.0,0.0,0.0,0.0,0.0,0.0,0.0,0.0,498000000.0,738000000.0
,SellingAndMarketingExpenses,473000000.0,453000000.0,562000000.0,606000000.0,635000000.0,857000000.0,722000000.0,635000000.0,528000000.0,445000000.0,437000000.0,537000000.0,659000000.0,589000000.0,447000000.0,306000000.0,290000000.0,357000000.0,0.0,0.0
,otherExpenses,8736000000.0,8450000000.0,8988000000.0,9111000000.0,10080000000.0,10824000000.0,11226000000.0,11625000000.0,11303000000.0,9720000000.0,9218000000.0,11903000000.0,10673000000.0,10157000000.0,7885000000.0,6525000000.0,5490000000.0,5438000000.0,0.0,0.0
,operatingExpenses,1542000000.0,1445000000.0,1730000000.0,1942000000.0,2170000000.0,1752000000.0,2070000000.0,1849000000.0,1576000000.0,1340000000.0,1464000000.0,4075000000.0,1829000000.0,1571000000.0,1259000000.0,951000000.0,1015000000.0,1036000000.0,1219000000.0,1704000000.0
,costAndExpenses,9209000000.0,8903000000.0,9550000000.0,9717000000.0,10715000000.0,11681000000.0,11948000000.0,12260000000.0,11831000000.0,10165000000.0,9655000000.0,12470000000.0,11332000000.0,10746000000.0,8332000000.0,6831000000.0,5780000000.0,5795000000.0,5713000000.0,6663000000.0
,interestExpense,201000000.0,224000000.0,236000000.0,222000000.0,193000000.0,207000000.0,195000000.0,214000000.0,241000000.0,214000000.0,174000000.0,134000000.0,126000000.0,141000000.0,41000000.0,48000000.0,45000000.0,47000000.0,-52000000.0,-6000000.0
,,,,,,,,,,,,,,,,,,,,,,,,,,,,,,,,,,,,,,,,,,,,,,,,,,,,,,,,,,,,,,,,,,,,,,,,,,,,,,,,,,,,,,,,,,,,,,,,,,,,,
EBITDA,,,,,,,,,,,,,,,,,,,,,,,,,,,,,,,,,,,,,,,,,,,,,,,,,,,,,,,,,,,,,,,,,,,,,,,,,,,,,,,,,,,,,,,,,,,,,,,,,,,,,
,depreciationAndAmortization,379000000.0,541000000.0,598000000.0,749000000.0,815000000.0,841000000.0,879000000.0,873000000.0,814000000.0,754000000.0,780000000.0,931000000.0,844000000.0,851000000.0,612000000.0,464000000.0,414000000.0,443000000.0,405000000.0,443000000.0
,EBITDA,1679000000.0,2028000000.0,2232000000.0,1803000000.0,1260000000.0,2899000000.0,2655000000.0,2964000000.0,3922000000.0,1560000000.0,2520000000.0,-1734000000.0,2220000000.0,1465000000.0,1486000000.0,1186000000.0,858000000.0,1134000000.0,779000000.0,-254000000.0
,EBITDARatio,0.15976781806071,0.195187680461983,0.199570815450644,0.167393928140377,0.112903225806452,0.21100516777058,0.193456718157971,0.206536129886419,0.262534306178459,0.142193054416188,0.221149627029399,-0.176848546659867,0.174693106704438,0.128961267605634,0.161416467521182,0.157023699192374,0.137853470437018,0.174838112858464,0.127977657302448,-0.042574589339591
,,,,,,,,,,,,,,,,,,,,,,,,,,,,,,,,,,,,,,,,,,,,,,,,,,,,,,,,,,,,,,,,,,,,,,,,,,,,,,,,,,,,,,,,,,,,,,,,,,,,,
INCOME,,,,,,,,,,,,,,,,,,,,,,,,,,,,,,,,,,,,,,,,,,,,,,,,,,,,,,,,,,,,,,,,,,,,,,,,,,,,,,,,,,,,,,,,,,,,,,,,,,,,,
,operatingIncome,1300000000.0,1487000000.0,1634000000.0,1054000000.0,445000000.0,2058000000.0,1776000000.0,2091000000.0,3108000000.0,806000000.0,1740000000.0,-2665000000.0,1376000000.0,614000000.0,874000000.0,722000000.0,444000000.0,691000000.0,374000000.0,-697000000.0
,operatingIncomeRatio,0.123703492244743,0.143118383060635,0.146101573676681,0.0978553523349735,0.0398745519713262,0.149792561321785,0.129408335762168,0.145704132116229,0.208046053952741,0.0734664114483639,0.15269855199649,-0.271800101988781,0.108278249921309,0.0540492957746479,0.0949380838583532,0.0955911558321197,0.0713367609254499,0.106537156953438,0.0614424182684409,-0.116828695943681
,totalOtherIncomeExpensesNet,-87000000.0,5000000.0,-28000000.0,-30000000.0,24000000.0,117000000.0,-33000000.0,-54000000.0,7000000.0,-20000000.0,-3000000.0,-23000000.0,22000000.0,15000000.0,22000000.0,22000000.0,12000000.0,0.0,-83000000.0,-16000000.0
,incomeBeforeTax,1032000000.0,1372000000.0,1418000000.0,815000000.0,274000000.0,1970000000.0,1556000000.0,1831000000.0,2882000000.0,579000000.0,1569000000.0,-2814000000.0,1318000000.0,561000000.0,924000000.0,732000000.0,428000000.0,660000000.0,239000000.0,-719000000.0
,incomeBeforeTaxRatio,0.0982015415358264,0.132050048123195,0.126788268955651,0.0756661405626219,0.0245519713261649,0.143387437222505,0.113378023899738,0.127586927740227,0.192917865988353,0.0527754990429314,0.137691970162352,-0.286996430392657,0.103714195782184,0.0493838028169014,0.100369324353682,0.0969151330597114,0.0687660668380463,0.101757631822387,0.0392640052571053,-0.120516258799866
,incomeTaxExpense,28000000.0,-640000000.0,236000000.0,43000000.0,26000000.0,228000000.0,-14000000.0,-7000000.0,20000000.0,68000000.0,-40000000.0,311000000.0,67000000.0,-352000000.0,84000000.0,25000000.0,-101000000.0,19000000.0,86000000.0,-197000000.0
,netIncome,1004000000.0,2012000000.0,1182000000.0,772000000.0,248000000.0,1742000000.0,1570000000.0,1838000000.0,2862000000.0,511000000.0,1609000000.0,-3125000000.0,1251000000.0,913000000.0,840000000.0,707000000.0,529000000.0,641000000.0,153000000.0,-522000000.0
,netIncomeRatio,0.0955371586259397,0.193647738209817,0.10568669527897,0.0716739392814038,0.0222222222222222,0.126792342965281,0.11439813465462,0.128074698627273,0.191579088292389,0.0465773402606873,0.141202281702501,-0.318714941356451,0.0984419263456091,0.0803697183098592,0.0912448403215294,0.0936051899907322,0.0849935732647815,0.0988282454517422,0.0251355347461804,-0.0874958095876634
,,,,,,,,,,,,,,,,,,,,,,,,,,,,,,,,,,,,,,,,,,,,,,,,,,,,,,,,,,,,,,,,,,,,,,,,,,,,,,,,,,,,,,,,,,,,,,,,,,,,,
EPS,,,,,,,,,,,,,,,,,,,,,,,,,,,,,,,,,,,,,,,,,,,,,,,,,,,,,,,,,,,,,,,,,,,,,,,,,,,,,,,,,,,,,,,,,,,,,,,,,,,,,
,EPS,3.83206106870229,7.05965,4.04795,2.58194,0.82119,5.26284,4.5245,4.81152,6.4898,1.09422,3.13035,-6.40369,2.32528,1.55537,1.60305,1.40837,1.06225,1.36383,0.35748,-1.30175
,EPSDiluted,3.78867924528302,7.05965,4.04795,2.58194,0.82119,5.26284,4.5245,4.81152,6.4898,1.09422,3.13035,-6.40369,2.32528,1.55537,1.60305,1.40837,1.06225,1.36383,0.35748,-1.30175
,weightedAverageShsOut,262000000.0,285000000.0,292000000.0,299000000.0,302000000.0,331000000.0,347000000.0,382000000.0,441000000.0,467000000.0,514000000.0,488000000.0,538000000.0,587000000.0,524000000.0,502000000.0,498000000.0,470000000.0,428000000.0,401000000.0
,weightedAverageShsOutDil,265000000.0,285000000.0,292000000.0,299000000.0,302000000.0,331000000.0,347000000.0,382000000.0,441000000.0,467000000.0,514000000.0,488000000.0,538000000.0,587000000.0,524000000.0,502000000.0,498000000.0,470000000.0,428000000.0,401000000.0
