Date,2018-12-29,2017-12-30,2016-12-31,2016-01-02,2015-01-03,2013-12-31,2012-12-31,2011-12-31,2010-12-31,2009-12-31
Revenue,173619000.0,189869000.0,194328000.0,205804000.0,205359000.0,208173000.0,247227000.0,238172000.0,194485000.0,153481000.0
Revenue Growth,-0.0856,-0.0229,-0.0558,0.0022,-0.0135,-0.158,0.038,0.2246,0.2672,0.1595
Cost of Revenue,118500000.0,129674000.0,132577000.0,143854000.0,138418000.0,143166000.0,167455000.0,156787000.0,124994000.0,98233000.0
Gross Profit,55119000.0,60195000.0,61751000.0,61950000.0,66941000.0,65007000.0,79772000.0,81385000.0,69491000.0,55248000.0
R&D Expenses,0.0,0.0,0.0,0.0,0.0,0.0,0.0,0.0,0.0,0.0
SG&A Expense,51310000.0,53107000.0,56561000.0,63912000.0,58710000.0,58861000.0,70683000.0,67187000.0,55501000.0,41520000.0
Operating Expenses,55492000.0,57304000.0,64565000.0,70692000.0,64258000.0,65141000.0,148045000.0,73564000.0,60885000.0,45675000.0
Operating Income,-373000.0,2891000.0,-2814000.0,-8742000.0,2683000.0,-134000.0,-68273000.0,7821000.0,8606000.0,9573000.0
Interest Expense,4442000.0,2968000.0,2682000.0,3333000.0,3455000.0,3999000.0,4148000.0,2790000.0,1734000.0,1498000.0
Earnings before Tax,-4815000.0,-77000.0,-5496000.0,-12075000.0,-772000.0,-4133000.0,-72421000.0,5031000.0,8642000.0,8075000.0
Income Tax Expense,-564000.0,2172000.0,-1174000.0,-3424000.0,-527000.0,-1318000.0,-6768000.0,1220000.0,2055000.0,2421000.0
Net Income - Non-Controlling int,0.0,0.0,0.0,0.0,0.0,0.0,0.0,0.0,0.0,0.0
Net Income - Discontinued ops,0.0,0.0,0.0,0.0,0.0,0.0,0.0,0.0,0.0,0.0
Net Income,-4251000.0,-2249000.0,-4322000.0,-8651000.0,-245000.0,-2815000.0,-65653000.0,3811000.0,6587000.0,5654000.0
Preferred Dividends,0.0,0.0,0.0,0.0,0.0,0.0,0.0,0.0,0.0,0.0
Net Income Com,-4251000.0,-2249000.0,-4322000.0,-8651000.0,-245000.0,-2815000.0,-65653000.0,3811000.0,6587000.0,5654000.0
EPS,-0.23,-0.12,-0.23,-0.47,-0.01,-0.16,-3.68,0.22,0.43,0.37
EPS Diluted,-0.23,-0.12,-0.23,-0.47,-0.01,-0.16,-3.68,0.21,0.4,0.36
Weighted Average Shs Out,18796362.0,18613903.0,18499985.0,18338674.0,18137285.0,17972969.0,18126280.0,17427844.0,15437477.0,15598957.0
Weighted Average Shs Out (Dil),18744424.0,18573398.0,18440436.0,18267596.0,18060799.0,17929734.0,17861169.0,17097361.0,15431806.0,15238034.0
Dividend per Share,0.0,0.0,0.0,0.0,0.0,0.0,0.0,0.0,0.0,0.0
Gross Margin,0.3175,0.317,0.3178,0.301,0.326,0.3123,0.3227,0.3417,0.3573,0.36
EBITDA Margin,0.022,0.037,0.011,-0.01,0.04,0.03,-0.246,0.06,0.081,0.089
EBIT Margin,-0.0021,0.0152,-0.0145,-0.0425,0.0131,-0.0006,-0.2762,0.0328,0.0534,0.0624
Profit Margin,-0.024,-0.012,-0.022,-0.042,-0.001,-0.014,-0.266,0.016,0.034,0.037
Free Cash Flow margin,0.0119,-0.01,0.0336,0.0306,-0.0439,0.0759,-0.0018,0.0113,-0.0862,0.0508
EBITDA,3809000.0,7088000.0,2197000.0,-1962000.0,8231000.0,6146000.0,-60707000.0,14198000.0,15760000.0,13728000.0
EBIT,-373000.0,2891000.0,-2814000.0,-8742000.0,2683000.0,-134000.0,-68273000.0,7821000.0,10376000.0,9573000.0
Consolidated Income,-4251000.0,-2249000.0,-4322000.0,-8651000.0,-245000.0,-2815000.0,-65653000.0,3811000.0,6587000.0,5654000.0
Earnings Before Tax Margin,-0.0277,-0.0004,-0.0283,-0.0587,-0.0038,-0.0199,-0.2929,0.0211,0.0444,0.0526
Net Profit Margin,-0.0245,-0.0118,-0.0222,-0.042,-0.0012,-0.0135,-0.2656,0.016,0.0339,0.0368
