Date,2018-12-31,2017-12-31,2016-12-31,2015-12-31,2014-12-31,2013-12-31,2012-12-31,2011-12-31,2010-12-31,2009-12-31
Revenue,87969000.0,82294000.0,91797000.0,145323000.0,354776000.0,310714000.0,341604000.0,335625000.0,266654000.0,265900000.0
Revenue Growth,0.0689600699929521,-0.103521901587198,-0.368324353337049,-0.590380972782826,0.141808866031141,-0.0904263416119249,0.0178145251396648,0.258653536042962,0.0028356525009402,-0.2533
Cost of Revenue,80397000.0,79312000.0,91048000.0,145005000.0,315946000.0,280661000.0,297855000.0,300396000.0,241759000.0,249882000.0
Gross Profit,7572000.0,2982000.0,749000.0,318000.0,38830000.0,30053000.0,43749000.0,35229000.0,24895000.0,16018000.0
R&D Expenses,0.0,38000.0,330000.0,779000.0,579000.0,3047000.0,3816000.0,3397000.0,3150000.0,2801000.0
SG&A Expense,10474000.0,13128000.0,22008000.0,27845000.0,35531000.0,30464000.0,30797000.0,28315000.0,26749000.0,28192000.0
Operating Expenses,10474000.0,13166000.0,22338000.0,28624000.0,36110000.0,33541000.0,34702000.0,31814000.0,32308000.0,38803000.0
Operating Income,-4296000.0,-12544000.0,-22758000.0,-29644000.0,2720000.0,-10388000.0,9047000.0,6184000.0,-7413000.0,-22785000.0
Interest Expense,850000.0,809000.0,4882000.0,4223000.0,617000.0,522000.0,437000.0,1732000.0,2379000.0,4289000.0
Earnings before Tax,-3710000.0,-11440000.0,6344000.0,-25224000.0,3385000.0,-9980000.0,12515000.0,11056000.0,-9200000.0,-470000.0
Income Tax Expense,-205000.0,-618000.0,301000.0,1992000.0,4569000.0,-93000.0,2248000.0,2621000.0,1004000.0,-3160000.0
Net Income - Non-Controlling int,0.0,0.0,0.0,0.0,0.0,0.0,0.0,0.0,0.0,0.0
Net Income - Discontinued ops,0.0,0.0,0.0,0.0,0.0,0.0,0.0,0.0,496000.0,-7998000.0
Net Income,-3505000.0,-10822000.0,6043000.0,-27216000.0,-1184000.0,-9887000.0,3047000.0,7907000.0,-10204000.0,2690000.0
Preferred Dividends,0.0,0.0,0.0,0.0,0.0,0.0,0.0,0.0,0.0,0.0
Net Income Com,-3505000.0,-10822000.0,6043000.0,-27216000.0,-1184000.0,-9887000.0,3047000.0,7907000.0,-10204000.0,2690000.0
EPS,-0.17,-0.53,0.3,-1.38,-0.06,-0.51,0.13,0.4,-0.55,0.14
EPS Diluted,-0.17,-0.53,0.3,-1.38,-0.06,-0.51,0.13,0.4,-0.55,0.14
Weighted Average Shs Out,20512.0,20326000.0,19861.0,19688.0,19586000.0,19345000.0,19050000.0,0.0,19667229.0,19472499.0
Weighted Average Shs Out (Dil),20512.0,20326000.0,19861.0,19688.0,19586000.0,19345000.0,19415000.0,0.0,19667229.0,19472499.0
Dividend per Share,0.0,0.0,0.0,20.8248679399,0.0834779944859,0.0628586197984,0.0,0.0,0.0,0.0
Gross Margin,0.0860757766941,0.036235934576,0.00815930803839,0.00218822897958,0.109449342684,0.0967223877907,0.12806934345,0.104965363128,0.0934,0.0602
EBITDA Margin,-0.0185747251873,-0.105232459232,-0.154787193481,-0.125761235317,0.0372263061763,0.00672966136061,0.0625753796794,0.0612945996276,0.03,0.071
EBIT Margin,-0.0488353851925,-0.152429095681,-0.247916598582,-0.203986980726,0.00766680947978,-0.0334326744209,0.0264838819218,0.0184253258845,-0.0256,0.0144
Profit Margin,-0.0398435812616,-0.131504119377,0.0658300380187,-0.187279370781,-0.00333731706767,-0.0318202591451,0.00891968478121,0.0235590316574,-0.038,0.01
Free Cash Flow margin,-0.00180745489888,-0.134833645223,-0.229495517283,-0.105090040806,-0.00624055742215,-0.0172055330626,-0.0351342490135,0.0302242085661,-0.0019,-0.0083
EBITDA,-1634000.0,-8660000.0,-14209000.0,-18276000.0,13207000.0,2091000.0,21376000.0,20572000.0,7903000.0,19009000.0
EBIT,-4296000.0,-12544000.0,-22758000.0,-29644000.0,2720000.0,-10388000.0,9047000.0,6184000.0,-6821000.0,3819000.0
Consolidated Income,-3505000.0,-10822000.0,6043000.0,-27216000.0,-1184000.0,-9887000.0,3047000.0,7907000.0,-10204000.0,2690000.0
Earnings Before Tax Margin,-0.0421739476406,-0.139013779862,0.0691090122771,-0.173571974154,0.00954123165039,-0.0321195697651,0.036635987869,0.0329415270019,-0.0345,-0.0018
Net Profit Margin,-0.0398435812616,-0.131504119377,0.0658300380187,-0.187279370781,-0.00333731706767,-0.0318202591451,0.00891968478121,0.0235590316574,-0.0383,0.0101
