date,,2020-12-31_FY,2019-12-31_FY,2018-12-31_FY,2017-12-31_FY,2016-12-31_FY,2015-12-31_FY,2014-12-31_FY,2013-12-31_FY,2012-12-31_FY,2011-12-31_FY,2010-12-31_FY,2010-02-25_FY,2009-12-31_FY,2009-02-25_FY,2008-12-31_FY,2008-02-26_FY,2007-12-31_FY,2006-12-31_FY,2005-12-31_FY,2004-12-31_FY,2003-12-31_FY,2002-12-31_FY,2001-12-31_FY,2000-12-31_FY,1999-12-31_FY,1998-12-31_FY,1997-12-31_FY,1996-12-31_FY,1995-12-31_FY,1994-12-31_FY
,revenue,171760000000.0,181193000000.0,170756000000.0,160546000000.0,163786000000.0,146801000000.0,132447000000.0,128752000000.0,127434000000.0,126723000000.0,124280000000.0,123018000000.0,123018000000.0,124028000000.0,124028000000.0,118928000000.0,118928000000.0,63055000000.0,43862000000.0,40787000000.0,40843000000.0,43138000000.0,45908000000.0,51476000000.0,49489000000.0,28777000000.0,24856000000.0,13898000000.0,12669700000.0,11618500000.0
,costOfRevenue,79920000000.0,84141000000.0,79419000000.0,77379000000.0,76884000000.0,67046000000.0,60611000000.0,51464000000.0,55215000000.0,57374000000.0,52263000000.0,0.0,50405000000.0,0.0,49895000000.0,0.0,46055000000.0,27349000000.0,19190000000.0,17383000000.0,16653000000.0,25937000000.0,25943000000.0,30985000000.0,29338000000.0,16714000000.0,9488000000.0,4135000000.0,3805900000.0,3746900000.0
,grossProfit,91840000000.0,97052000000.0,91337000000.0,83167000000.0,86902000000.0,79755000000.0,71836000000.0,77288000000.0,72219000000.0,69349000000.0,72017000000.0,123018000000.0,72613000000.0,124028000000.0,74133000000.0,118928000000.0,72873000000.0,35706000000.0,24672000000.0,23404000000.0,24190000000.0,17201000000.0,19965000000.0,20491000000.0,20151000000.0,12063000000.0,15368000000.0,9763000000.0,8863800000.0,7871600000.0
,grossProfitRatio,0.534699580810433,0.535627756039141,0.534897748834594,0.518025986321677,0.530582589476512,0.543286489874047,0.542375440742335,0.600285820802784,0.566716888742408,0.547248723593981,0.579473768908915,1.0,0.59026321351347,1.0,0.59771180701132,1.0,0.612748890084757,0.566267544207438,0.562491450458255,0.573810282688111,0.592267952892785,0.398743567156567,0.434891522174784,0.398069003030538,0.407181393845097,0.419188935608298,0.618281300289669,0.702475176284358,0.69960614694902,0.677505702113009
,,,,,,,,,,,,,,,,,,,,,,,,,,,,,,,,,,,,,,,,,,,,,,,,,,,,,,,,,,,,,,,,,,,,,,,,,,,,,,,,,,,,,,,,,,,,,,,,,,,,,
COST And EXPENSES,,,,,,,,,,,,,,,,,,,,,,,,,,,,,,,,,,,,,,,,,,,,,,,,,,,,,,,,,,,,,,,,,,,,,,,,,,,,,,,,,,,,,,,,,,,,,,,,,,,,,
,ResearchAndDevelopmentExpenses,0.0,0.0,0.0,0.0,0.0,0.0,0.0,0.0,0.0,0.0,0.0,0.0,0.0,0.0,0.0,0.0,0.0,0.0,0.0,0.0,0.0,0.0,0.0,0.0,0.0,0.0,0.0,0.0,0.0,0.0
,GeneralAndAdministrativeExpenses,38039000000.0,39422000000.0,36765000000.0,34917000000.0,36347000000.0,32954000000.0,39697000000.0,28414000000.0,41079000000.0,38844000000.0,33065000000.0,31407000000.0,31407000000.0,31187000000.0,31187000000.0,30892000000.0,30892000000.0,15511000000.0,10861000000.0,9939000000.0,9851000000.0,0.0,0.0,0.0,0.0,0.0,7276000000.0,3967000000.0,3656700000.0,3043500000.0
,SellingAndMarketingExpenses,0.0,0.0,0.0,0.0,0.0,0.0,0.0,0.0,0.0,0.0,0.0,0.0,0.0,0.0,0.0,0.0,0.0,0.0,0.0,0.0,0.0,0.0,0.0,0.0,0.0,0.0,0.0,0.0,0.0,0.0
,otherExpenses,-1431000000.0,-1071000000.0,6782000000.0,618000000.0,277000000.0,-52000000.0,1652000000.0,596000000.0,134000000.0,249000000.0,897000000.0,70119000000.0,152000000.0,69778000000.0,-589000000.0,67632000000.0,615000000.0,16000000.0,14000000.0,922000000.0,1817000000.0,734000000.0,-209000000.0,2561000000.0,-227000000.0,245000000.0,-87000000.0,-61000000.0,114000000.0,-99400000.0
,operatingExpenses,66555000000.0,67639000000.0,65195000000.0,59304000000.0,62194000000.0,54970000000.0,57970000000.0,46809000000.0,59222000000.0,57221000000.0,52444000000.0,101526000000.0,51121000000.0,100965000000.0,51070000000.0,98524000000.0,52469000000.0,25418000000.0,18504000000.0,17503000000.0,17721000000.0,8578000000.0,9077000000.0,9748000000.0,8553000000.0,5177000000.0,12198000000.0,6207000000.0,5826600000.0,5081300000.0
,costAndExpenses,146475000000.0,151780000000.0,144614000000.0,136683000000.0,139078000000.0,122016000000.0,118581000000.0,98273000000.0,114437000000.0,114595000000.0,104707000000.0,101526000000.0,101526000000.0,100965000000.0,100965000000.0,98524000000.0,98524000000.0,52767000000.0,37694000000.0,34886000000.0,34374000000.0,34515000000.0,35020000000.0,40733000000.0,37891000000.0,21891000000.0,21686000000.0,10342000000.0,9632500000.0,8828200000.0
,interestExpense,7925000000.0,8422000000.0,7957000000.0,6300000000.0,4910000000.0,4120000000.0,3613000000.0,3940000000.0,3444000000.0,3535000000.0,2994000000.0,3379000000.0,3379000000.0,3390000000.0,3390000000.0,3507000000.0,3507000000.0,1843000000.0,1456000000.0,1023000000.0,1241000000.0,1382000000.0,1599000000.0,1592000000.0,1430000000.0,993000000.0,947000000.0,472000000.0,515100000.0,480200000.0
,,,,,,,,,,,,,,,,,,,,,,,,,,,,,,,,,,,,,,,,,,,,,,,,,,,,,,,,,,,,,,,,,,,,,,,,,,,,,,,,,,,,,,,,,,,,,,,,,,,,,
EBITDA,,,,,,,,,,,,,,,,,,,,,,,,,,,,,,,,,,,,,,,,,,,,,,,,,,,,,,,,,,,,,,,,,,,,,,,,,,,,,,,,,,,,,,,,,,,,,,,,,,,,,
,depreciationAndAmortization,28516000000.0,28217000000.0,28430000000.0,24387000000.0,25847000000.0,22016000000.0,18273000000.0,18395000000.0,18143000000.0,18377000000.0,19379000000.0,19714000000.0,19714000000.0,19883000000.0,19883000000.0,21577000000.0,21577000000.0,9907000000.0,7643000000.0,7564000000.0,7870000000.0,8578000000.0,9077000000.0,9748000000.0,8553000000.0,5177000000.0,4922000000.0,2240000000.0,2169900000.0,2037800000.0
,EBITDA,53801000000.0,57630000000.0,54572000000.0,48250000000.0,50555000000.0,46801000000.0,32139000000.0,48874000000.0,31140000000.0,30505000000.0,38952000000.0,41206000000.0,41206000000.0,42946000000.0,42946000000.0,41981000000.0,41981000000.0,20195000000.0,13811000000.0,13465000000.0,14339000000.0,17201000000.0,19965000000.0,20491000000.0,20151000000.0,12063000000.0,8092000000.0,5796000000.0,5207100000.0,4828100000.0
,EBITDARatio,0.313233581741966,0.318058644649628,0.319590526833611,0.300536917768116,0.308664965259546,0.318805730206198,0.242655552787153,0.379597986827389,0.24436178727812,0.24072188947547,0.313421306726746,0.334959111674714,0.334959111674714,0.346260521817654,0.346260521817654,0.352995089465895,0.352995089465895,0.320275949567838,0.31487392275774,0.330129698188148,0.351076071787087,0.398743567156567,0.434891522174784,0.398069003030538,0.407181393845097,0.419188935608298,0.325555197940135,0.417038422794647,0.410988421193872,0.4155527822008
,,,,,,,,,,,,,,,,,,,,,,,,,,,,,,,,,,,,,,,,,,,,,,,,,,,,,,,,,,,,,,,,,,,,,,,,,,,,,,,,,,,,,,,,,,,,,,,,,,,,,
INCOME,,,,,,,,,,,,,,,,,,,,,,,,,,,,,,,,,,,,,,,,,,,,,,,,,,,,,,,,,,,,,,,,,,,,,,,,,,,,,,,,,,,,,,,,,,,,,,,,,,,,,
,operatingIncome,25285000000.0,29413000000.0,26142000000.0,23863000000.0,24708000000.0,24785000000.0,13866000000.0,30479000000.0,12997000000.0,12128000000.0,19573000000.0,21492000000.0,21492000000.0,23063000000.0,23063000000.0,20404000000.0,20404000000.0,10288000000.0,6168000000.0,5901000000.0,6469000000.0,8623000000.0,10888000000.0,10743000000.0,11598000000.0,6886000000.0,3170000000.0,3556000000.0,3037200000.0,2790300000.0
,operatingIncomeRatio,0.147211224965068,0.162329670572263,0.15309564524819,0.148636527848716,0.150855384465095,0.168833999768394,0.104690932976964,0.23672641978377,0.101990049751244,0.0957048049683167,0.157491149018346,0.174706140564795,0.174706140564795,0.18594994678621,0.18594994678621,0.171565989506256,0.171565989506256,0.163159146776624,0.140622862614564,0.144678451467379,0.158386994099356,0.199893365478233,0.23716999215823,0.208699199627011,0.234355109216189,0.23928832053376,0.127534599291921,0.255864153115556,0.239721540367965,0.240160089512416
,totalOtherIncomeExpensesNet,-20216000000.0,-2523000000.0,6688000000.0,-2424000000.0,14000000.0,27000000.0,-293000000.0,1238000000.0,886000000.0,-1877000000.0,1659000000.0,152000000.0,886000000.0,-589000000.0,230000000.0,615000000.0,1307000000.0,2059000000.0,623000000.0,1795000000.0,3070000000.0,2655000000.0,1386000000.0,3458000000.0,685000000.0,481000000.0,114000000.0,183000000.0,270200000.0,123700000.0
,incomeBeforeTax,-2856000000.0,18468000000.0,24873000000.0,15139000000.0,19812000000.0,20692000000.0,9960000000.0,27777000000.0,10439000000.0,6716000000.0,18238000000.0,18999000000.0,18999000000.0,19903000000.0,19903000000.0,18204000000.0,18204000000.0,10881000000.0,5718000000.0,7165000000.0,8901000000.0,10457000000.0,11357000000.0,12888000000.0,10853000000.0,6374000000.0,2337000000.0,3267000000.0,2792300000.0,2433800000.0
,incomeBeforeTaxRatio,-0.0166278528178854,0.101924467280745,0.145663988381082,0.0942969616184769,0.120962719646368,0.140952718305734,0.0751998912772656,0.215740338014167,0.0819169138534457,0.0529974826984841,0.146749275828774,0.154440813539482,0.154440813539482,0.160471828941852,0.160471828941852,0.153067402125656,0.153067402125656,0.172563634921894,0.130363412521089,0.175668717973864,0.217932081384815,0.24240808567852,0.247386076500828,0.250369104048489,0.219301258865607,0.22149633387775,0.0940215642098487,0.235069794214995,0.220391958767769,0.209476266299436
,incomeTaxExpense,965000000.0,3493000000.0,4920000000.0,-14708000000.0,6479000000.0,7005000000.0,3442000000.0,9224000000.0,2900000000.0,2532000000.0,-1162000000.0,0.0,6156000000.0,0.0,7036000000.0,0.0,6253000000.0,3525000000.0,932000000.0,2186000000.0,2930000000.0,2984000000.0,4097000000.0,4921000000.0,4280000000.0,2306000000.0,863000000.0,1166000000.0,903000000.0,785100000.0
,netIncome,-5176000000.0,13903000000.0,19370000000.0,29450000000.0,12976000000.0,13345000000.0,6224000000.0,18249000000.0,7264000000.0,3944000000.0,19864000000.0,12843000000.0,12535000000.0,12867000000.0,12867000000.0,11951000000.0,11951000000.0,7356000000.0,4786000000.0,5887000000.0,8505000000.0,5653000000.0,7242000000.0,7967000000.0,8159000000.0,4023000000.0,1474000000.0,2101000000.0,-930000000.0,1648700000.0
,netIncomeRatio,-0.0301350721937587,0.0767303372646846,0.113436716718593,0.183436522865721,0.0792253306143382,0.0909053753039829,0.0469923818584037,0.141737604076053,0.0570020559662257,0.0311230005602771,0.159832635983264,0.104399356191777,0.10189565754605,0.103742703260554,0.103742703260554,0.100489371720705,0.100489371720705,0.116660058678931,0.109114951438603,0.144335204844681,0.208236417501163,0.131044554684965,0.157750283175046,0.154771155489937,0.164864919477056,0.139799145150641,0.0593015770840039,0.151172830623111,-0.0734034744311231,0.141902999526617
,,,,,,,,,,,,,,,,,,,,,,,,,,,,,,,,,,,,,,,,,,,,,,,,,,,,,,,,,,,,,,,,,,,,,,,,,,,,,,,,,,,,,,,,,,,,,,,,,,,,,
EPS,,,,,,,,,,,,,,,,,,,,,,,,,,,,,,,,,,,,,,,,,,,,,,,,,,,,,,,,,,,,,,,,,,,,,,,,,,,,,,,,,,,,,,,,,,,,,,,,,,,,,
,EPS,-0.707200437218199,1.9,2.85777515491295,4.77,2.10376134889754,2.37117981520967,1.19577329490874,3.39959016393443,1.25219789691433,0.665317139001349,3.36,2.12,2.12457627118644,2.17,2.17,1.95,1.95,1.89489953632148,1.42102137767221,1.78,2.56329113924051,1.7,2.15,2.35,2.39,2.06,0.81,1.73,-0.765,1.37
,EPSDiluted,-0.707200437218199,1.89,2.84601821921834,4.76,2.09662304087898,2.36362026213248,1.19210879141927,3.38885793871866,1.24789555059268,0.662857142857143,3.35,2.12,2.11596893990547,2.17,2.16,1.95,1.94,1.8851870835469,1.41639538324948,1.77,2.55482126764794,1.69,2.13,2.32,2.36,2.03,0.8,1.73,-0.765,1.37
,weightedAverageShsOut,7319000000.0,7319000000.0,6778000000.0,6164000000.0,6168000000.0,5628000000.0,5205000000.0,5368000000.0,5801000000.0,5928000000.0,5913000000.0,6058018867.0,5900000000.0,5929493087.0,5927000000.0,6128717948.0,6127000000.0,3882000000.0,3368000000.0,3310000000.0,3318000000.0,3330000000.0,3366000000.0,3392000000.0,3409000000.0,1956610000.0,1828395000.0,1214000000.0,1217600000.0,1202800000.0
,weightedAverageShsOutDil,7319000000.0,7348000000.0,6806000000.0,6183000000.0,6189000000.0,5646000000.0,5221000000.0,5385000000.0,5821000000.0,5950000000.0,5938000000.0,6058018867.0,5924000000.0,5929493087.0,5958000000.0,6128717948.0,6170000000.0,3902000000.0,3379000000.0,3322000000.0,3329000000.0,3348000000.0,3396000000.0,3433000000.0,3458000000.0,1983853000.0,1844629000.0,1214000000.0,1217600000.0,1202800000.0
