date,,2019-12-31_FY,2018-12-31_FY,2017-12-31_FY,2016-12-31_FY,2015-12-31_FY,2014-12-31_FY,2013-12-31_FY,2012-12-29_FY,2011-12-31_FY,2010-12-25_FY,2009-12-26_FY,2008-12-28_FY,2007-12-30_FY,2006-12-31_FY,2005-12-25_FY,2004-12-26_FY,2003-12-28_FY,2002-12-29_FY,2001-12-30_FY,2000-12-31_FY,1999-12-26_FY,1998-12-27_FY,1997-12-28_FY,1996-12-29_FY,1995-12-31_FY,1994-12-25_FY
,revenue,10579400000.0,10769600000.0,11002800000.0,4885000000.0,3567500000.0,4146300000.0,4206100000.0,3917000000.0,3515700000.0,3254000000.0,3032000000.0,4774000000.0,6191000000.0,5844985000.0,5507000000.0,4306000000.0,4000000000.0,3776000000.0,2429000000.0,2414415000.0,2057000000.0,1900000000.0,1822000000.0,1732000000.0,1675379000.0,1667000000.0
,costOfRevenue,6378200000.0,6584800000.0,6217200000.0,3003100000.0,2163500000.0,2493300000.0,2545600000.0,2353000000.0,2049100000.0,1812000000.0,1727000000.0,2841000000.0,3703000000.0,3481081000.0,3307000000.0,2742000000.0,2587000000.0,2415000000.0,1538000000.0,1525829000.0,1216000000.0,1159000000.0,1121000000.0,1118000000.0,1091763000.0,1067000000.0
,grossProfit,4201200000.0,4184800000.0,4785600000.0,1881900000.0,1404000000.0,1653000000.0,1660500000.0,1564000000.0,1466600000.0,1442000000.0,1306000000.0,1934000000.0,2488000000.0,2363904000.0,2200000000.0,1564000000.0,1413000000.0,1362000000.0,892000000.0,888586000.0,841000000.0,741000000.0,701000000.0,614000000.0,583616000.0,600000000.0
,grossProfitRatio,0.397111367374331,0.388575248848611,0.434943832479005,0.385240532241556,0.393552908199019,0.398668692569279,0.394783766434464,0.399285167219811,0.417157322866001,0.443146896127843,0.430738786279683,0.405111018014244,0.401873687611048,0.404432859964568,0.399491556201198,0.363214119832791,0.35325,0.360699152542373,0.367229312474269,0.368033664469447,0.408847836655323,0.39,0.384742041712404,0.354503464203233,0.348348642307203,0.359928014397121
,,,,,,,,,,,,,,,,,,,,,,,,,,,,,,,,,,,,,,,,,,,,,,,,,,,,,,,,,,,,,,,,,,,,,,,,,,,,,,,,,,,,,,,,,,,,,,,,,,,,,
COST And EXPENSES,,,,,,,,,,,,,,,,,,,,,,,,,,,,,,,,,,,,,,,,,,,,,,,,,,,,,,,,,,,,,,,,,,,,,,,,,,,,,,,,,,,,,,,,,,,,,,,,,,,,,
,ResearchAndDevelopmentExpenses,0.0,0.0,0.0,0.0,0.0,0.0,0.0,0.0,0.0,0.0,0.0,0.0,0.0,0.0,0.0,0.0,0.0,0.0,0.0,0.0,0.0,0.0,0.0,13000000.0,15385000.0,13000000.0
,GeneralAndAdministrativeExpenses,2728000000.0,2802700000.0,3032400000.0,1597300000.0,1051800000.0,1163900000.0,1193800000.0,1086000000.0,1019000000.0,1013000000.0,901000000.0,1333000000.0,1734000000.0,1705405000.0,1633000000.0,1223000000.0,1106000000.0,1057000000.0,717000000.0,722745000.0,693000000.0,617000000.0,585000000.0,514000000.0,503503000.0,492000000.0
,SellingAndMarketingExpenses,0.0,0.0,0.0,0.0,0.0,0.0,0.0,0.0,0.0,0.0,0.0,0.0,0.0,0.0,0.0,0.0,0.0,0.0,0.0,0.0,0.0,0.0,0.0,0.0,0.0,0.0
,otherExpenses,8600000.0,46400000.0,9400000.0,3200000.0,800000.0,100000.0,3200000.0,-90000000.0,0.0,43000000.0,49000000.0,-8000000.0,17662000.0,0.0,-1777908000.0,7522000.0,-1105959000.0,-1063507000.0,0.0,0.0,0.0,0.0,0.0,0.0,0.0,0.0
,operatingExpenses,2728000000.0,2802700000.0,3032400000.0,1597300000.0,1051800000.0,1163900000.0,1193800000.0,696000000.0,1019000000.0,578000000.0,553000000.0,1328000000.0,1873000000.0,1705405000.0,1779000000.0,1215000000.0,1106000000.0,1063000000.0,740000000.0,737960000.0,699000000.0,637000000.0,554000000.0,533000000.0,503688000.0,492000000.0
,costAndExpenses,9106200000.0,9387500000.0,9249600000.0,4600400000.0,3215300000.0,3657200000.0,3739400000.0,3049000000.0,3068100000.0,2390000000.0,2280000000.0,4169000000.0,5576000000.0,5186486000.0,5086000000.0,3957000000.0,3693000000.0,3478000000.0,2278000000.0,2263789000.0,1915000000.0,1796000000.0,1675000000.0,1651000000.0,1595451000.0,1559000000.0
,interestExpense,280900000.0,306200000.0,349300000.0,271600000.0,120300000.0,145000000.0,183800000.0,196300000.0,118700000.0,110200000.0,96000000.0,103000000.0,99875000.0,143070000.0,131106000.0,72441000.0,81195000.0,70919000.0,14000000.0,0.0,7000000.0,2000000.0,-4000000.0,-11000000.0,0.0,-11000000.0
,,,,,,,,,,,,,,,,,,,,,,,,,,,,,,,,,,,,,,,,,,,,,,,,,,,,,,,,,,,,,,,,,,,,,,,,,,,,,,,,,,,,,,,,,,,,,,,,,,,,,
EBITDA,,,,,,,,,,,,,,,,,,,,,,,,,,,,,,,,,,,,,,,,,,,,,,,,,,,,,,,,,,,,,,,,,,,,,,,,,,,,,,,,,,,,,,,,,,,,,,,,,,,,,
,depreciationAndAmortization,859000000.0,857500000.0,812800000.0,388400000.0,314400000.0,313000000.0,320500000.0,272700000.0,217100000.0,202300000.0,187400000.0,273400000.0,345800000.0,438354000.0,392800000.0,265900000.0,236800000.0,230300000.0,121100000.0,129283000.0,123800000.0,115800000.0,117200000.0,121100000.0,122830000.0,120800000.0
,EBITDA,2332200000.0,2239600000.0,2566000000.0,673000000.0,666600000.0,802100000.0,787200000.0,1139700000.0,664700000.0,1067300000.0,940400000.0,878400000.0,960800000.0,1096853000.0,813800000.0,613900000.0,543800000.0,528300000.0,273100000.0,279909000.0,265800000.0,219800000.0,264200000.0,202100000.0,202758000.0,228800000.0
,EBITDARatio,0.220447284345048,0.207955727232209,0.233213363871015,0.137768679631525,0.186853538892782,0.193449581554639,0.187156748531894,0.29096247127904,0.189066188810194,0.3279963122311,0.310158311345646,0.183996648512778,0.155193022128897,0.187657111181637,0.147775558380243,0.14256850905713,0.13595,0.139909957627119,0.112433100041169,0.115932430837284,0.129217306757414,0.115684210526316,0.145005488474204,0.116685912240185,0.121022168715258,0.137252549490102
,,,,,,,,,,,,,,,,,,,,,,,,,,,,,,,,,,,,,,,,,,,,,,,,,,,,,,,,,,,,,,,,,,,,,,,,,,,,,,,,,,,,,,,,,,,,,,,,,,,,,
INCOME,,,,,,,,,,,,,,,,,,,,,,,,,,,,,,,,,,,,,,,,,,,,,,,,,,,,,,,,,,,,,,,,,,,,,,,,,,,,,,,,,,,,,,,,,,,,,,,,,,,,,
,operatingIncome,1473200000.0,1382100000.0,1753200000.0,284600000.0,352200000.0,489100000.0,466700000.0,867000000.0,447600000.0,865000000.0,753000000.0,605000000.0,615000000.0,658499000.0,421000000.0,348000000.0,307000000.0,298000000.0,152000000.0,150626000.0,142000000.0,104000000.0,147000000.0,81000000.0,79928000.0,108000000.0
,operatingIncomeRatio,0.139251753407566,0.128333457138612,0.159341258588723,0.0582599795291709,0.0987245970567624,0.11796059137062,0.110957894486579,0.221342864437069,0.127314617288165,0.265826674861709,0.24835092348285,0.126728110599078,0.0993377483443709,0.112660511532536,0.0764481568912293,0.0808174640037157,0.07675,0.0789194915254237,0.0625771922601894,0.0623861266600812,0.0690325717063685,0.0547368421052632,0.0806805708013172,0.0467667436489607,0.0477074142626832,0.0647870425914817
,totalOtherIncomeExpensesNet,-720600000.0,275900000.0,-28200000.0,3058500000.0,177400000.0,230900000.0,357900000.0,-7000000.0,434600000.0,-1000000.0,0.0,-1000000.0,0.0,-59668000.0,-3000000.0,18000000.0,8000000.0,8000000.0,4000000.0,-11227000.0,2000000.0,5000000.0,4000000.0,5000000.0,19068000.0,8000000.0
,incomeBeforeTax,479900000.0,1359800000.0,1381700000.0,3035300000.0,410700000.0,586300000.0,654500000.0,592000000.0,774200000.0,809000000.0,718000000.0,515000000.0,534000000.0,472050000.0,295000000.0,308000000.0,254000000.0,257000000.0,198000000.0,169525000.0,151000000.0,111000000.0,147000000.0,75000000.0,73278000.0,104000000.0
,incomeBeforeTaxRatio,0.0453617407414409,0.126262813846382,0.125577125822518,0.621351074718526,0.115122634898388,0.14140317873767,0.155607332207984,0.151136073525657,0.220212191028814,0.248617086662569,0.236807387862797,0.107875994972769,0.086254240025844,0.0807615417319292,0.0535681859451607,0.0715281003251277,0.0635,0.0680614406779661,0.0815150267599835,0.0702136956571261,0.073407875546913,0.0584210526315789,0.0806805708013172,0.0433025404157044,0.0437381631260748,0.0623875224955009
,incomeTaxExpense,233700000.0,225200000.0,-53200000.0,1050700000.0,51800000.0,69000000.0,84000000.0,154500000.0,99400000.0,138700000.0,14000000.0,-102000000.0,-4186000.0,82405000.0,-50264000.0,-95228000.0,-79161000.0,-94947000.0,75000000.0,59908000.0,58000000.0,43000000.0,65000000.0,32000000.0,30100000.0,46000000.0
,netIncome,241700000.0,1116500000.0,1414200000.0,1975900000.0,359500000.0,514000000.0,567300000.0,443000000.0,676300000.0,708000000.0,720000000.0,388000000.0,497000000.0,361031000.0,135000000.0,197000000.0,175000000.0,162000000.0,123000000.0,109617000.0,92000000.0,68000000.0,82000000.0,43000000.0,43178000.0,58000000.0
,netIncomeRatio,0.0228462861788003,0.103671445550438,0.128530919402334,0.404483111566018,0.100770847932726,0.123965945541808,0.134875537909227,0.113096757722747,0.192365673976733,0.217578365089121,0.237467018469657,0.0812735651445329,0.0802778226457761,0.0617676520983373,0.0245142545850735,0.045750116117046,0.04375,0.0429025423728814,0.0506381226842322,0.0454010598840713,0.044725328147788,0.0357894736842105,0.0450054884742042,0.0248267898383372,0.0257720790340574,0.0347930413917217
,,,,,,,,,,,,,,,,,,,,,,,,,,,,,,,,,,,,,,,,,,,,,,,,,,,,,,,,,,,,,,,,,,,,,,,,,,,,,,,,,,,,,,,,,,,,,,,,,,,,,
EPS,,,,,,,,,,,,,,,,,,,,,,,,,,,,,,,,,,,,,,,,,,,,,,,,,,,,,,,,,,,,,,,,,,,,,,,,,,,,,,,,,,,,,,,,,,,,,,,,,,,,,
,EPS,1.12,5.17,6.57,9.32,1.94,2.78,3.1,2.43407,3.66,3.7861,3.87097,2.08602,2.74586,2.095,0.84375,2.59211,2.39726,2.21918,1.66216,1.49,1.22667,0.90667,1.07895,0.56579,0.565601257532093,0.75325
,EPSDiluted,1.11,5.15,6.53,9.26,1.93,2.76,3.08,2.43407,3.63,3.7861,3.87097,2.08602,2.74586,2.085,0.84375,2.59211,2.39726,2.21918,1.66216,1.465,1.22667,0.90667,1.07895,0.56579,0.564418300653595,0.75325
,weightedAverageShsOut,216600000.0,216000000.0,215400000.0,212000000.0,185300000.0,184900000.0,183000000.0,182000000.0,184900000.0,187000000.0,186000000.0,186000000.0,181000000.0,172166000.0,160000000.0,76000000.0,73000000.0,73000000.0,74000000.0,73570000.0,75000000.0,75000000.0,76000000.0,76000000.0,76340000.0,77000000.0
,weightedAverageShsOutDil,216900000.0,216600000.0,216500000.0,213400000.0,186400000.0,186100000.0,184200000.0,182000000.0,186400000.0,187000000.0,186000000.0,186000000.0,181000000.0,173312000.0,160000000.0,76000000.0,73000000.0,73000000.0,74000000.0,74900000.0,75000000.0,75000000.0,76000000.0,76000000.0,76500000.0,77000000.0
