Date,2018-12-31,2017-12-31,2016-12-31,2015-12-31,2014-12-31,2013-12-31,2012-12-31,2011-12-31,2010-12-31,2009-12-31
Revenue,62817000.0,62538000.0,62013000.0,61033000.0,58314000.0,58570000.0,57573000.0,56141000.0,48070000.0,42848000.0
Revenue Growth,0.0045,0.0085,0.0161,0.0466,-0.0044,0.0173,0.0255,0.1679,0.1219,0.1277
Cost of Revenue,0.0,0.0,0.0,0.0,0.0,0.0,0.0,0.0,0.0,0.0
Gross Profit,62817000.0,62538000.0,62013000.0,61033000.0,58314000.0,58570000.0,57573000.0,56141000.0,48070000.0,42848000.0
R&D Expenses,0.0,0.0,0.0,0.0,0.0,0.0,0.0,0.0,0.0,0.0
SG&A Expense,32906000.0,32255000.0,30570000.0,31748000.0,30799000.0,30783000.0,30081000.0,30598000.0,27372000.0,24324000.0
Operating Expenses,37494000.0,36474000.0,34879000.0,36499000.0,35308000.0,35077000.0,34117000.0,34654000.0,31530000.0,29038000.0
Operating Income,25323000.0,26064000.0,27134000.0,24534000.0,23006000.0,23493000.0,23456000.0,21487000.0,16540000.0,13810000.0
Interest Expense,0.0,0.0,0.0,0.0,0.0,0.0,0.0,0.0,0.0,0.0
Earnings before Tax,25323000.0,26064000.0,27134000.0,24534000.0,23006000.0,23493000.0,23135000.0,21487000.0,16540000.0,13303000.0
Income Tax Expense,6111000.0,11102000.0,10787000.0,9786000.0,8909000.0,8846000.0,8297000.0,8698000.0,5512000.0,4639000.0
Net Income - Non-Controlling int,0.0,0.0,0.0,0.0,0.0,0.0,0.0,0.0,0.0,0.0
Net Income - Discontinued ops,0.0,0.0,0.0,0.0,0.0,0.0,0.0,0.0,0.0,0.0
Net Income,19212000.0,14962000.0,16347000.0,14748000.0,14097000.0,14647000.0,14838000.0,12789000.0,11028000.0,8664000.0
Preferred Dividends,0.0,0.0,0.0,0.0,0.0,0.0,0.0,0.0,0.0,0.0
Net Income Com,19212000.0,14962000.0,16347000.0,14748000.0,14097000.0,14647000.0,14838000.0,12789000.0,11028000.0,8664000.0
EPS,2.07,1.61,1.78,1.59,1.53,1.51,1.47,1.19,0.97,0.77
EPS Diluted,2.03,1.57,1.74,1.56,1.51,1.49,1.45,1.17,0.97,0.77
Weighted Average Shs Out,9653455.0,9880501.0,9764169.0,9680322.0,9969600.0,10180383.0,10901705.0,11044031.0,12233125.0,12233125.0
Weighted Average Shs Out (Dil),9219123.0,9273783.0,9093385.0,9073015.0,9211409.0,9711233.0,10113453.0,10777417.0,11322798.0,11279716.0
Dividend per Share,1.14,1.2,0.92,0.76,0.7,0.62,0.54,0.34,0.24,0.0
Gross Margin,1.0,1.0,1.0,1.0,1.0,1.0,1.0,1.0,1.0,1.0
EBITDA Margin,0.423,0.435,0.456,0.423,0.418,0.421,0.422,0.403,0.365,0.332
EBIT Margin,0.4031,0.4168,0.4376,0.402,0.3945,0.4011,0.4018,0.3827,0.3441,0.3105
Profit Margin,0.306,0.239,0.264,0.242,0.242,0.25,0.258,0.228,0.229,0.202
Free Cash Flow margin,0.3385,0.2939,0.2936,0.2705,0.2251,0.2595,0.2923,0.3363,0.1912,0.1657
EBITDA,26578000.0,27193000.0,28273000.0,25830000.0,24395000.0,24631000.0,24272000.0,22611000.0,17550000.0,14246000.0
EBIT,25323000.0,26064000.0,27134000.0,24534000.0,23006000.0,23493000.0,23135000.0,21487000.0,16540000.0,13303000.0
Consolidated Income,19212000.0,14962000.0,16347000.0,14748000.0,14097000.0,14647000.0,14838000.0,12789000.0,11028000.0,8664000.0
Earnings Before Tax Margin,0.4031,0.4168,0.4376,0.402,0.3945,0.4011,0.4018,0.3827,0.3441,0.3105
Net Profit Margin,0.3058,0.2392,0.2636,0.2416,0.2417,0.2501,0.2577,0.2278,0.2294,0.2022
