Date,2018-12-31,2017-12-31,2016-12-31,2015-12-31,2014-12-31,2013-12-31,2012-12-31,2011-12-31,2010-12-31,2009-12-31
Revenue,120955000.0,783000.0,708000.0,726000.0,39484000.0,7862.0,57242.0,223000.0,102683000.0,107286000.0
Revenue Growth,153.476372924649,0.105932203389831,-0.0247933884297521,-0.981612805186911,5021.13177308573,-0.86265329653052,-0.743309417040359,-0.997828267580807,-0.0429040135712022,-0.0879
Cost of Revenue,59420000.0,63056000.0,61918000.0,52257000.0,39484000.0,40948.0,57242.0,63473000.0,55636000.0,62027000.0
Gross Profit,61535000.0,-62273000.0,-61210000.0,-51531000.0,0.0,-33086.0,0.0,-63250000.0,47047000.0,45259000.0
R&D Expenses,0.0,0.0,0.0,0.0,0.0,0.0,0.0,0.0,0.0,0.0
SG&A Expense,11359000.0,6269000.0,5476000.0,5508000.0,7163000.0,6323.0,5426.0,9213000.0,8327000.0,10709000.0
Operating Expenses,104834000.0,105128000.0,100824000.0,92919000.0,75087000.0,88348.0,97870.0,145038000.0,40805000.0,43083000.0
Operating Income,16121000.0,20105000.0,17647000.0,9301000.0,771000.0,-2111.0,18181.0,-30951000.0,6242000.0,2176000.0
Interest Expense,7191000.0,6228000.0,6274000.0,5936000.0,0.0,0.0,0.0,0.0,54211000.0,53638000.0
Earnings before Tax,14720000.0,-29862000.0,-18981000.0,-26794000.0,-16842000.0,-40671.0,-18919.0,-76486000.0,-69327000.0,-79622000.0
Income Tax Expense,1210000.0,180000.0,24000.0,517000.0,20390000.0,40485.0,1358.0,-4505000.0,-2131000.0,76000.0
Net Income - Non-Controlling int,0.0,0.0,0.0,0.0,0.0,0.0,0.0,0.0,98000.0,125000.0
Net Income - Discontinued ops,0.0,0.0,0.0,0.0,0.0,0.0,0.0,0.0,-3869000.0,142000.0
Net Income,181450000.0,-15815000.0,37000.0,-7636000.0,41977000.0,59509.0,-8324.0,-46321000.0,-67196000.0,-79698000.0
Preferred Dividends,900000.0,900000.0,900000.0,900000.0,-1005000.0,-1110.0,-1112.0,1110000.0,1073000.0,1023000.0
Net Income Com,181450000.0,-15815000.0,37000.0,-7636000.0,41977000.0,59509.0,-8324.0,-46321000.0,-68269000.0,-80721000.0
EPS,20.71,-1.92,-0.1,-0.98,4.74,6.82,-1.12,-5.67,-8.41,-9.95
EPS Diluted,20.71,-1.92,-0.1,-0.98,4.74,6.82,-1.12,-5.67,-8.41,-9.95
Weighted Average Shs Out,8717767.0,8717767.0,8717767.0,8717767.0,8559370.0,8413469.0,8413469.0,8370729.0,8113469.0,8113669.0
Weighted Average Shs Out (Dil),8717767.0,8717767.0,8717767.0,8717767.0,8559370.0,8413469.0,8413469.0,8370729.0,8113575.0,8113669.0
Dividend per Share,0.103237446011,0.103237446011,0.103237446011,0.103237446011,0.0123840890159,2.49599778641e-05,2.5197691939e-05,0.0250874207014,0.0,0.0
Gross Margin,0.508742920921,-79.5312899106,-86.4548022599,-70.979338843,0.0,-4.20834393284,0.0,-283.632286996,0.4582,0.4219
EBITDA Margin,0.387499483279,170.214559387,93.0070621469,67.2575757576,0.0,0.620834393284,0.0,-98.3632286996,0.128,0.036
EBIT Margin,0.133280972262,25.6768837803,24.9251412429,12.8112947658,0.0,-0.268506741287,0.0,-138.793721973,-0.1472,-0.2422
Profit Margin,1.50014468191,-20.1979565773,0.0522598870056,-10.5179063361,0.0,7.56919358942,0.0,-207.717488789,-0.665,-0.752
Free Cash Flow margin,-1.58525898061,-88.7969348659,11.3531073446,-70.1363636364,-0.744149528923,-8.48321037904,-0.368942384962,29.3183856502,1.0318,-0.111
EBITDA,46870000.0,133278000.0,65849000.0,48829000.0,1539000.0,4881.0,21556.0,-21935000.0,13186000.0,3829000.0
EBIT,16121000.0,20105000.0,17647000.0,9301000.0,771000.0,-2111.0,18181.0,-30951000.0,-15116000.0,-25984000.0
Consolidated Income,181450000.0,-15815000.0,37000.0,-7636000.0,41977000.0,59509.0,-8324.0,-46321000.0,-67098000.0,-79573000.0
Earnings Before Tax Margin,0.121698152205,-38.1379310345,-26.8093220339,-36.9063360882,0.0,-5.17311116764,0.0,-342.986547085,-0.6752,-0.7421
Net Profit Margin,1.50014468191,-20.1979565773,0.0522598870056,-10.5179063361,0.0,7.56919358942,0.0,-207.717488789,-0.6544,-0.7429
