date,,2020-06-30_FY,2019-06-30_FY,2018-06-30_FY,2017-06-30_FY,2016-06-30_FY,2015-06-30_FY,2014-06-30_FY,2013-06-30_FY,2012-06-30_FY,2011-06-30_FY,2010-06-30_FY,2009-06-30_FY,2008-06-30_FY,2007-06-30_FY,2006-06-30_FY,2005-06-30_FY,2004-06-30_FY,2003-06-30_FY,2002-06-30_FY,2001-06-30_FY,2000-06-30_FY,1999-06-30_FY,1998-06-30_FY,1997-06-30_FY,1996-06-30_FY,1995-06-30_FY
,revenue,738691000.0,714006000.0,642993000.0,563003000.0,499023000.0,452246000.0,357763000.0,310575000.0,314560000.0,289962000.0,269047000.0,263956000.0,257420000.0,223482000.0,202617000.0,178652000.0,161257000.0,145010900.0,130900395.0,115356562.0,103838155.0,90900000.0,67300000.0,60900000.0,54600000.0,47700000.0
,costOfRevenue,255497000.0,240515000.0,210850000.0,188462000.0,162364000.0,144969000.0,106352000.0,79465000.0,78756000.0,65025000.0,54463000.0,55488000.0,52889000.0,46667000.0,45718000.0,36813000.0,34887000.0,35396174.0,32507846.0,28424906.0,23328550.0,25000000.0,17800000.0,17000000.0,17100000.0,16800000.0
,grossProfit,483194000.0,473491000.0,432143000.0,374541000.0,336659000.0,307277000.0,251411000.0,231110000.0,235804000.0,224937000.0,214584000.0,208468000.0,204531000.0,176815000.0,156899000.0,141839000.0,126370000.0,109614726.0,98392549.0,86931656.0,80509605.0,65900000.0,49500000.0,43900000.0,37500000.0,30900000.0
,grossProfitRatio,0.654121953563804,0.663147088399817,0.672080411450825,0.665255780164582,0.674636239211419,0.679446584381067,0.702730578623279,0.744135877002334,0.749631230925738,0.775746477124589,0.797570684675912,0.789783145675794,0.794541993629089,0.79118228761153,0.774362467117764,0.793940174193404,0.783655903309624,0.755906804247129,0.751659679865748,0.753590905387766,0.77533739885883,0.724972497249725,0.735512630014859,0.720853858784893,0.686813186813187,0.647798742138365
,,,,,,,,,,,,,,,,,,,,,,,,,,,,,,,,,,,,,,,,,,,,,,,,,,,,,,,,,,,,,,,,,,,,,,,,,,,,,,,,,,,,,,,,,,,,,,,,,,,,,
COST And EXPENSES,,,,,,,,,,,,,,,,,,,,,,,,,,,,,,,,,,,,,,,,,,,,,,,,,,,,,,,,,,,,,,,,,,,,,,,,,,,,,,,,,,,,,,,,,,,,,,,,,,,,,
,ResearchAndDevelopmentExpenses,65192000.0,62413000.0,55329000.0,53514000.0,45187000.0,40853000.0,30945000.0,29257000.0,27912000.0,25985000.0,25121000.0,23564000.0,22394000.0,20082000.0,18825000.0,18379000.0,20773000.0,20581343.0,17470267.0,14522233.0,11198309.0,12000000.0,10600000.0,11700000.0,10400000.0,8600000.0
,GeneralAndAdministrativeExpenses,240882000.0,236867000.0,240636000.0,153326000.0,140879000.0,119401000.0,60716000.0,43384000.0,41683000.0,35897000.0,32175000.0,33164000.0,36715000.0,30965000.0,27604000.0,24476000.0,21725000.0,19376538.0,19554195.0,17714215.0,17315131.0,16900000.0,15400000.0,14600000.0,13000000.0,11200000.0
,SellingAndMarketingExpenses,0.0,0.0,0.0,0.0,0.0,0.0,0.0,0.0,0.0,0.0,0.0,0.0,0.0,0.0,0.0,0.0,0.0,0.0,0.0,0.0,0.0,0.0,0.0,0.0,0.0,0.0
,otherExpenses,354000.0,1154000.0,1186000.0,888000.0,-1613000.0,8049000.0,1026000.0,830000.0,693000.0,0.0,0.0,0.0,0.0,0.0,0.0,0.0,0.0,0.0,0.0,0.0,0.0,0.0,0.0,0.0,0.0,0.0
,operatingExpenses,334347000.0,326387000.0,297768000.0,229986000.0,186066000.0,160254000.0,93601000.0,74833000.0,71722000.0,61882000.0,58256000.0,57688000.0,60244000.0,52661000.0,48396000.0,44076000.0,44097000.0,41897131.0,45573708.0,41125702.0,41164790.0,40800000.0,28300000.0,28600000.0,25300000.0,21500000.0
,costAndExpenses,589844000.0,566902000.0,508618000.0,418448000.0,348430000.0,305223000.0,199953000.0,154298000.0,150478000.0,126907000.0,112719000.0,113176000.0,113133000.0,99328000.0,94114000.0,80889000.0,78984000.0,77293305.0,78081554.0,69550608.0,64493340.0,65800000.0,46100000.0,45600000.0,42400000.0,38300000.0
,interestExpense,19197000.0,21705000.0,10188000.0,7361000.0,1748000.0,1544000.0,0.0,0.0,0.0,0.0,0.0,0.0,0.0,0.0,0.0,0.0,0.0,0.0,0.0,0.0,0.0,0.0,0.0,0.0,0.0,0.0
,,,,,,,,,,,,,,,,,,,,,,,,,,,,,,,,,,,,,,,,,,,,,,,,,,,,,,,,,,,,,,,,,,,,,,,,,,,,,,,,,,,,,,,,,,,,,,,,,,,,,
EBITDA,,,,,,,,,,,,,,,,,,,,,,,,,,,,,,,,,,,,,,,,,,,,,,,,,,,,,,,,,,,,,,,,,,,,,,,,,,,,,,,,,,,,,,,,,,,,,,,,,,,,,
,depreciationAndAmortization,26358000.0,25210000.0,64463000.0,21328000.0,42764000.0,37226000.0,19175000.0,12321000.0,12467000.0,8700000.0,960000.0,960000.0,1135000.0,1614000.0,1967000.0,1221000.0,1599000.0,1939250.0,8549246.0,8889254.0,12651350.0,11900000.0,2300000.0,2300000.0,1900000.0,1700000.0
,EBITDA,175205000.0,172314000.0,198838000.0,165883000.0,193357000.0,184249000.0,176985000.0,168598000.0,176549000.0,171755000.0,157288000.0,151740000.0,145422000.0,125768000.0,110470000.0,98984000.0,83872000.0,69656845.0,61368087.0,54695208.0,51996165.0,37000000.0,23500000.0,17600000.0,14100000.0,11100000.0
,EBITDARatio,0.237183071135292,0.24133410643608,0.309238203215276,0.294639637799443,0.387471118565677,0.407408799635597,0.494699004648329,0.542857602833454,0.561256993896236,0.592336237162111,0.584611610610785,0.574868538695843,0.56492114054852,0.562765681352413,0.545215850594965,0.554060407943936,0.520113855522551,0.480355924968399,0.468815139939035,0.474140413442627,0.500742381256678,0.407040704070407,0.349182763744428,0.288998357963875,0.258241758241758,0.232704402515723
,,,,,,,,,,,,,,,,,,,,,,,,,,,,,,,,,,,,,,,,,,,,,,,,,,,,,,,,,,,,,,,,,,,,,,,,,,,,,,,,,,,,,,,,,,,,,,,,,,,,,
INCOME,,,,,,,,,,,,,,,,,,,,,,,,,,,,,,,,,,,,,,,,,,,,,,,,,,,,,,,,,,,,,,,,,,,,,,,,,,,,,,,,,,,,,,,,,,,,,,,,,,,,,
,operatingIncome,148847000.0,147104000.0,134375000.0,144555000.0,150593000.0,147023000.0,157810000.0,156277000.0,164082000.0,163055000.0,156328000.0,150780000.0,144287000.0,124154000.0,108503000.0,97763000.0,82273000.0,67717595.0,52818841.0,45805954.0,39344815.0,25100000.0,21200000.0,15300000.0,12200000.0,9400000.0
,operatingIncomeRatio,0.201501033585085,0.206026279891205,0.20898361257432,0.256757068790042,0.301775669658513,0.325095191555039,0.441102070365018,0.503186025919665,0.521623855544252,0.56233230561246,0.581043460807963,0.571231568897847,0.560512003729314,0.555543623200079,0.535507879398076,0.547225891677675,0.510198006908227,0.466982792328025,0.40350406123679,0.397081476821405,0.378905181818764,0.276127612761276,0.315007429420505,0.251231527093596,0.223443223443223,0.19706498951782
,totalOtherIncomeExpensesNet,146222000.0,-13953000.0,1356000.0,-25537000.0,-1613000.0,8049000.0,898000.0,1739000.0,-4526000.0,-1826000.0,-4257000.0,-3051000.0,-2644000.0,-2574000.0,-1084000.0,-1163000.0,-2305000.0,-121870.0,-17500000.0,0.0,0.0,900000.0,1200000.0,700000.0,400000.0,200000.0
,incomeBeforeTax,276477000.0,112015000.0,125952000.0,111961000.0,147481000.0,154162000.0,161392000.0,160662000.0,162195000.0,164981000.0,156446000.0,155363000.0,153831000.0,128931000.0,111163000.0,99887000.0,82541000.0,69555293.0,37735669.0,47808376.0,39411797.0,26100000.0,22400000.0,16000000.0,12600000.0,9600000.0
,incomeBeforeTaxRatio,0.374279637900015,0.156882435161609,0.19588393652808,0.198863949215191,0.295539484152033,0.340880848034035,0.451114285155256,0.517304998792562,0.515625,0.568974555286555,0.581482045887893,0.588594311173074,0.597587600031078,0.576918946492335,0.548636096675008,0.559114927344782,0.511859950265725,0.4796556189914,0.288277732087821,0.414440021192726,0.379550243357078,0.287128712871287,0.332838038632987,0.262725779967159,0.230769230769231,0.20125786163522
,incomeTaxExpense,47181000.0,15943000.0,-198000.0,35875000.0,43005000.0,46427000.0,50444000.0,48101000.0,49864000.0,52679000.0,46670000.0,50121000.0,50273000.0,43820000.0,37812000.0,33755000.0,29613000.0,24159000.0,10606000.0,13763000.0,12829000.0,9400000.0,7200000.0,5100000.0,4000000.0,2900000.0
,netIncome,229296000.0,96072000.0,126150000.0,76086000.0,104476000.0,107735000.0,110948000.0,112561000.0,112331000.0,112302000.0,109776000.0,105242000.0,103558000.0,85111000.0,73351000.0,66132000.0,52928000.0,45396293.0,27129669.0,34045376.0,26582797.0,16700000.0,15200000.0,10900000.0,8600000.0,6700000.0
,netIncomeRatio,0.310408547010861,0.134553491147133,0.196191871451167,0.135143151990309,0.209361091572934,0.238222118050795,0.31011591472567,0.362427754970619,0.35710516276704,0.387299025389534,0.408017929952759,0.398710391125794,0.402291974205578,0.380840515119786,0.362017994541425,0.370172178313145,0.328221410543418,0.313054349707505,0.207254294381617,0.295131680502059,0.256002208436774,0.183718371837184,0.225854383358098,0.178981937602627,0.157509157509158,0.140461215932914
,,,,,,,,,,,,,,,,,,,,,,,,,,,,,,,,,,,,,,,,,,,,,,,,,,,,,,,,,,,,,,,,,,,,,,,,,,,,,,,,,,,,,,,,,,,,,,,,,,,,,
EPS,,,,,,,,,,,,,,,,,,,,,,,,,,,,,,,,,,,,,,,,,,,,,,,,,,,,,,,,,,,,,,,,,,,,,,,,,,,,,,,,,,,,,,,,,,,,,,,,,,,,,
,EPS,6.0,2.54,3.34,2.07,2.81,2.9,3.01,3.06,3.04098649124232,3.03,2.95,2.78403259086821,2.65,2.16,1.88,1.64,1.29,1.1,0.65,0.82,0.655,0.415,0.4,0.280025230016321,0.2225,0.175909235455404
,EPSDiluted,5.82,2.47,3.29,2.06,2.8,2.89,3.0,3.05,3.03548073285413,3.02,2.94,2.77683377308707,2.64,2.15,1.85,1.62,1.27,1.08,0.64,0.8,0.63,0.405,0.385,0.279864867890431,0.2225,0.174782610215501
,weightedAverageShsOut,38201000.0,37781000.0,37476000.0,37313000.0,37194000.0,37096000.0,36890000.0,36836000.0,36939000.0,37098000.0,37255000.0,37802000.0,39139000.0,39406000.0,39049000.0,40359000.0,41046000.0,41237473.0,41507727.0,41438670.0,40625482.0,40234734.0,37905936.0,38925064.0,38885700.0,38087824.0
,weightedAverageShsOutDil,39401000.0,38892000.0,38055000.0,37500000.0,37326000.0,37231000.0,37005000.0,36900000.0,37006000.0,37172000.0,37347000.0,37900000.0,39247000.0,39513000.0,39594000.0,40920000.0,41697000.0,42031510.0,42522664.0,42668236.0,42206042.0,41373350.0,39215260.0,38947368.0,38885700.0,38333333.0
