date,,2020-12-31_FY,2019-12-31_FY,2018-12-31_FY,2017-12-31_FY,2016-12-31_FY,2015-12-31_FY,2014-12-31_FY,2013-12-31_FY,2012-12-31_FY,2011-12-31_FY,2010-12-31_FY,2009-12-31_FY,2008-12-31_FY,2007-12-31_FY,2006-12-31_FY,2005-12-31_FY,2004-12-31_FY,2003-12-31_FY,2002-12-31_FY,2001-12-31_FY,2000-12-31_FY,1999-12-31_FY,1998-12-31_FY,1997-12-31_FY,1996-12-31_FY,1995-12-31_FY,1994-12-31_FY,1991-12-31_FY,1990-12-31_FY,1989-12-31_FY,1988-12-31_FY,1987-12-31_FY,1986-12-31_FY
,revenue,43076000000.0,0.0,0.0,0.0,0.0,0.0,0.0,184000000.0,0.0,0.0,0.0,0.0,0.0,56441000000.0,52901000000.0,37882000000.0,31187835688.96,29083000000.0,29187000000.0,31946017840.0,29749900340.0,23024329453.16,17458895628.0,14182894908.0,12283610054.0,11150295279.0,10732676790.0,9116908619.0,6512580900.0,5471674156.0,4629058750.0,3881468016.0,4008250880.0
,costOfRevenue,13014000000.0,0.0,0.0,0.0,0.0,0.0,0.0,0.0,0.0,0.0,0.0,0.0,0.0,0.0,0.0,0.0,7553106257.68,0.0,0.0,7184032720.0,11966612860.0,4570364681.96,2935111518.0,3916541538.0,2789406799.0,1781236449.0,1681967796.0,2842977683.0,2242813650.0,2498007797.0,443023750.0,2637210816.0,0.0
,grossProfit,30062000000.0,0.0,0.0,0.0,0.0,0.0,0.0,184000000.0,0.0,0.0,0.0,0.0,0.0,56441000000.0,52901000000.0,37882000000.0,23634729431.28,29083000000.0,29187000000.0,24761985120.0,17783287480.0,18453964771.2,14523784110.0,10266353370.0,9494203255.0,9369058830.0,9050708994.0,6273930936.0,4269767250.0,2973666359.0,4186035000.0,1244257200.0,0.0
,grossProfitRatio,0.697882811774538,0.0,0.0,0.0,0.0,0.0,0.0,1.0,0.0,0.0,0.0,0.0,0.0,1.0,1.0,1.0,0.757818838953494,1.0,1.0,0.77511961722488,0.597759564797251,0.801498467468605,0.831884468494515,0.72385457528908,0.772916366871182,0.840252082619309,0.84328533981689,0.688164288816593,0.655618304872036,0.543465541664101,0.904295068624912,0.320563558651259,0.0
,,,,,,,,,,,,,,,,,,,,,,,,,,,,,,,,,,,,,,,,,,,,,,,,,,,,,,,,,,,,,,,,,,,,,,,,,,,,,,,,,,,,,,,,,,,,,,,,,,,,,
COST And EXPENSES,,,,,,,,,,,,,,,,,,,,,,,,,,,,,,,,,,,,,,,,,,,,,,,,,,,,,,,,,,,,,,,,,,,,,,,,,,,,,,,,,,,,,,,,,,,,,,,,,,,,,
,ResearchAndDevelopmentExpenses,0.0,0.0,0.0,0.0,0.0,0.0,0.0,0.0,0.0,0.0,0.0,0.0,0.0,0.0,0.0,0.0,0.0,0.0,0.0,0.0,0.0,0.0,0.0,0.0,0.0,0.0,0.0,0.0,0.0,0.0,0.0,0.0,0.0
,GeneralAndAdministrativeExpenses,5369000000.0,0.0,0.0,0.0,0.0,0.0,0.0,0.0,0.0,0.0,0.0,0.0,0.0,0.0,0.0,0.0,4831598187.28,0.0,0.0,6415278280.0,5870976360.0,7960679266.96,5841573660.0,3426360210.0,3559131059.0,3482064177.0,3396146262.0,1469789503.0,936488175.0,231342262.0,1758052500.0,0.0,0.0
,SellingAndMarketingExpenses,0.0,0.0,0.0,0.0,0.0,0.0,0.0,0.0,0.0,0.0,0.0,0.0,0.0,0.0,0.0,0.0,0.0,0.0,0.0,0.0,0.0,0.0,0.0,0.0,0.0,0.0,0.0,0.0,0.0,0.0,0.0,0.0,0.0
,otherExpenses,0.0,0.0,0.0,0.0,-365000000.0,-521000000.0,-200000000.0,1000000.0,0.0,0.0,-14814000000.0,0.0,0.0,-12081000000.0,-11095000000.0,-8302000000.0,0.0,-60000000.0,0.0,0.0,0.0,0.0,0.0,0.0,0.0,0.0,0.0,0.0,0.0,0.0,0.0,0.0,0.0
,operatingExpenses,25331000000.0,31146000000.0,28035000000.0,30330000000.0,31397000000.0,31671000000.0,28542000000.0,30692000000.0,33702000000.0,35335000000.0,22799000000.0,20202000000.0,20493000000.0,22408000000.0,26850260530.0,10945634840.0,0.0,16450335581.72,17202140000.0,0.0,0.0,0.0,0.0,0.0,0.0,0.0,0.0,0.0,0.0,0.0,0.0,0.0,0.0
,costAndExpenses,38345000000.0,0.0,0.0,0.0,0.0,0.0,0.0,0.0,0.0,0.0,0.0,0.0,0.0,0.0,0.0,0.0,23957929907.36,-22755000000.0,0.0,26514160810.0,24181310140.0,19303649258.46,13579804224.0,11192534262.0,9785702171.0,8653179441.0,8053972236.0,6748644630.0,5220558525.0,4529202967.0,3809713125.0,3817642230.0,0.0
,interestExpense,2417000000.0,0.0,0.0,0.0,2225000000.0,3140000000.0,2556000000.0,0.0,0.0,0.0,0.0,0.0,3605000000.0,0.0,0.0,0.0,0.0,0.0,0.0,0.0,0.0,0.0,0.0,0.0,0.0,0.0,0.0,0.0,0.0,0.0,0.0,0.0,0.0
,,,,,,,,,,,,,,,,,,,,,,,,,,,,,,,,,,,,,,,,,,,,,,,,,,,,,,,,,,,,,,,,,,,,,,,,,,,,,,,,,,,,,,,,,,,,,,,,,,,,,
EBITDA,,,,,,,,,,,,,,,,,,,,,,,,,,,,,,,,,,,,,,,,,,,,,,,,,,,,,,,,,,,,,,,,,,,,,,,,,,,,,,,,,,,,,,,,,,,,,,,,,,,,,
,depreciationAndAmortization,9359000000.0,-10582000000.0,0.0,16187000000.0,0.0,0.0,0.0,0.0,0.0,0.0,0.0,0.0,0.0,0.0,0.0,0.0,6408002642.96,0.0,0.0,8222525560.0,6844148720.0,6321586637.31,4513982040.0,3616996383.0,3222236088.0,3212605272.0,2815864926.0,2273530441.0,1914426150.0,1692437983.0,1513678750.0,1180431414.0,0.0
,EBITDA,14090000000.0,-6045000000.0,6522000000.0,22978000000.0,0.0,0.0,0.0,0.0,0.0,0.0,16474000000.0,0.0,0.0,13388000000.0,9422000000.0,8558000000.0,13637908424.56,0.0,0.0,13654382590.0,12412738920.0,10042266832.01,8393073444.0,6607357029.0,5720143971.0,5709721110.0,5494569480.0,4641794430.0,3206448525.0,2634909172.0,2333024375.0,1244257200.0,4008250880.0
,EBITDARatio,0.327096294920605,0.0,0.0,0.0,0.0,0.0,0.0,0.0,0.0,0.0,0.0,0.0,0.0,0.237203451391719,0.178106273983479,0.225912042658783,0.437282938148466,0.0,0.0,0.427420489726991,0.41723631938728,0.436158927122707,0.480733353519765,0.465868010153065,0.465672871888123,0.512069049933902,0.511947726322987,0.509141269698187,0.492346824436377,0.48155447434871,0.503995412674337,0.320563558651259,1.0
,,,,,,,,,,,,,,,,,,,,,,,,,,,,,,,,,,,,,,,,,,,,,,,,,,,,,,,,,,,,,,,,,,,,,,,,,,,,,,,,,,,,,,,,,,,,,,,,,,,,,
INCOME,,,,,,,,,,,,,,,,,,,,,,,,,,,,,,,,,,,,,,,,,,,,,,,,,,,,,,,,,,,,,,,,,,,,,,,,,,,,,,,,,,,,,,,,,,,,,,,,,,,,,
,operatingIncome,4731000000.0,4537000000.0,6522000000.0,6791000000.0,0.0,0.0,0.0,0.0,0.0,0.0,16474000000.0,0.0,0.0,13388000000.0,9422000000.0,8558000000.0,7229905781.6,0.0,0.0,5431857030.0,5568590200.0,3720680194.7,3879091404.0,2990360646.0,2497907883.0,2497115838.0,2678704554.0,2368263989.0,1292022375.0,942471189.0,819345625.0,63825786.0,4008250880.0
,operatingIncomeRatio,0.10982913919584,0.0,0.0,0.0,0.0,0.0,0.0,0.0,0.0,0.0,0.0,0.0,0.0,0.237203451391719,0.178106273983479,0.225912042658783,0.23181813107215,0.0,0.0,0.170032367013791,0.187180129558713,0.161597765627409,0.222184237001729,0.21084275568546,0.203352912703915,0.223950646643678,0.249584013980169,0.259766121167919,0.198388687194657,0.172245488698651,0.177000480929303,0.0164437232863701,1.0
,totalOtherIncomeExpensesNet,-408000000.0,0.0,0.0,0.0,38000000.0,249000000.0,228000000.0,62000000.0,-27000000.0,58000000.0,0.0,0.0,217000000.0,4264000000.0,1571000000.0,1418000000.0,-1164579104.4,0.0,0.0,-942960490.0,-589865960.0,357445393.41,-14836284.0,-223545231.0,307729010.0,224458098.0,-518306376.0,109227482.0,560885850.0,581472794.0,457494375.0,318360870.0,0.0
,incomeBeforeTax,2583000000.0,0.0,0.0,0.0,0.0,0.0,0.0,0.0,0.0,0.0,0.0,0.0,0.0,0.0,0.0,0.0,4393762239.2,0.0,0.0,1763414790.0,2747029200.0,1986910185.54,1859225130.0,1582089327.0,1329983891.0,1105522425.0,887138934.0,994179277.0,711798150.0,716436488.0,635508750.0,0.0,0.0
,incomeBeforeTaxRatio,0.0599637849382487,0.0,0.0,0.0,0.0,0.0,0.0,0.0,0.0,0.0,0.0,0.0,0.0,0.0,0.0,0.0,0.140880639587162,0.0,0.0,0.0551998311286237,0.0923374252890018,0.0862961151412514,0.106491565653112,0.111549111606799,0.108273047186719,0.0991473676111605,0.0826577517760134,0.109047849281728,0.109295863027206,0.130935517644885,0.137286818837631,0.0,0.0
,incomeTaxExpense,626000000.0,0.0,0.0,0.0,0.0,0.0,0.0,0.0,0.0,0.0,0.0,0.0,0.0,0.0,0.0,0.0,1137869186.96,0.0,0.0,-343916460.0,241695980.0,176917477.17,552012084.0,441363195.0,348545286.0,252144903.0,189512904.0,187748743.0,132887475.0,186101623.0,160546875.0,0.0,0.0
,netIncome,1582000000.0,0.0,0.0,0.0,0.0,0.0,0.0,0.0,0.0,0.0,0.0,0.0,0.0,0.0,0.0,0.0,2875164601.36,0.0,0.0,2107331250.0,2505333220.0,1809992708.37,1307213046.0,1140726132.0,981438605.0,853377522.0,697626030.0,806430534.0,578910675.0,530334865.0,474961875.0,382186656.0,0.0
,netIncomeRatio,0.0367257869811496,0.0,0.0,0.0,0.0,0.0,0.0,0.0,0.0,0.0,0.0,0.0,0.0,0.0,0.0,0.0,0.0921886542572033,0.0,0.0,0.0659653813678582,0.0842131634515586,0.0786121790018769,0.0748737534064603,0.080429710535087,0.0798982221582658,0.0765340738201988,0.0650001899479543,0.0884543837940162,0.0888911299359061,0.0969236928003942,0.102604417150679,0.0984644609783125,0.0
,,,,,,,,,,,,,,,,,,,,,,,,,,,,,,,,,,,,,,,,,,,,,,,,,,,,,,,,,,,,,,,,,,,,,,,,,,,,,,,,,,,,,,,,,,,,,,,,,,,,,
EPS,,,,,,,,,,,,,,,,,,,,,,,,,,,,,,,,,,,,,,,,,,,,,,,,,,,,,,,,,,,,,,,,,,,,,,,,,,,,,,,,,,,,,,,,,,,,,,,,,,,,,
,EPS,0.318117836316107,0.0,0.0,0.0,0.0,0.0,0.0,0.0,-0.027,58.0,76.0,0.233,0.0,0.14,76.0,-0.12821,0.578475888436992,0.0,0.0,0.41719,0.472381,0.472414,0.353424,0.303032,0.284128,0.248669,0.200912,0.240377,0.169219,0.158727,0.141468,0.126897,0.311589
,EPSDiluted,0.318117836316107,0.0,0.0,0.0,0.0,0.0,0.0,0.0,-0.027,58.0,76.0,0.233,0.0,0.14,76.0,-0.12821,0.558104147957866,0.0,0.0,0.41719,0.472381,0.472414,0.353424,0.303032,0.284128,0.248669,0.200912,0.240377,0.169219,0.158727,0.141468,0.126897,0.311589
,weightedAverageShsOut,4973000000.0,4973000000.0,4973000000.0,4973000000.0,4973000000.0,4580.0,4541.0,4503.0,4581000000.0,4514000000.0,4536000000.0,4626000000.0,4730000000.0,-2000.0,-1000.0,4954000000.0,4970241040.0,90933000.0,90933000.0,5059371921.0,4891943928.0,3819999025.0,3698708793.0,3764369885.0,3447111714.0,3431783041.0,3472292687.0,3354861970.0,3421077598.0,3341170976.0,3357382368.0,3011778378.0,3450565281.0
,weightedAverageShsOutDil,4973000000.0,4973000000.0,4973000000.0,4973000000.0,4973000000.0,4580.0,4541.0,4503.0,4581000000.0,4514000000.0,4536000000.0,4626000000.0,4730000000.0,-2000.0,-1000.0,4954000000.0,5151663201.0,90933000.0,90933000.0,5059371921.0,4891943928.0,3819999025.0,3698708793.0,3764369885.0,3447111714.0,3431783041.0,3472292687.0,3354861970.0,3421077598.0,3341170976.0,3357382368.0,3011778378.0,3450565281.0
