Date,2018-12-31,2017-12-31,2016-12-31,2015-12-31,2014-12-31,2013-12-31,2012-12-31,2011-12-31,2010-12-31,2009-12-31
Revenue,149017000.0,138500000.0,148604000.0,138986000.0,143545000.0,139855000.0,139686000.0,126779000.0,117213000.0,103656000.0
Revenue Growth,0.0759,-0.068,0.0692,-0.0318,0.0264,0.0012,0.1018,0.0816,0.1308,0.0468
Cost of Revenue,0.0,0.0,0.0,0.0,0.0,0.0,0.0,0.0,0.0,0.0
Gross Profit,149017000.0,138500000.0,148604000.0,138986000.0,143545000.0,139855000.0,139686000.0,126779000.0,117213000.0,103656000.0
R&D Expenses,0.0,0.0,0.0,0.0,0.0,0.0,0.0,0.0,0.0,0.0
SG&A Expense,90360000.0,87832000.0,89008000.0,96629000.0,93653000.0,92502000.0,91107000.0,73383000.0,74355000.0,70104000.0
Operating Expenses,91289000.0,88747000.0,90308000.0,98398000.0,95584000.0,94554000.0,93056000.0,75187000.0,77202000.0,73381000.0
Operating Income,57728000.0,49753000.0,58296000.0,40588000.0,47961000.0,45301000.0,46630000.0,51592000.0,40011000.0,30275000.0
Interest Expense,0.0,0.0,0.0,0.0,0.0,0.0,0.0,0.0,0.0,0.0
Earnings before Tax,57728000.0,49753000.0,58296000.0,40588000.0,47961000.0,45301000.0,46630000.0,51592000.0,40011000.0,30275000.0
Income Tax Expense,11145000.0,20622000.0,19883000.0,10392000.0,14189000.0,13767000.0,13818000.0,14397000.0,11967000.0,7555000.0
Net Income - Non-Controlling int,0.0,0.0,0.0,0.0,0.0,0.0,0.0,0.0,0.0,0.0
Net Income - Discontinued ops,0.0,0.0,0.0,0.0,0.0,0.0,0.0,0.0,0.0,0.0
Net Income,46583000.0,29131000.0,38413000.0,30196000.0,33772000.0,31534000.0,32812000.0,37195000.0,28044000.0,22720000.0
Preferred Dividends,0.0,0.0,0.0,0.0,0.0,0.0,0.0,0.0,0.0,0.0
Net Income Com,46583000.0,29131000.0,38413000.0,30196000.0,33772000.0,31534000.0,32812000.0,37195000.0,28044000.0,22720000.0
EPS,3.8,2.38,3.12,2.35,2.55,2.37,2.48,2.83,2.14,1.73
EPS Diluted,3.8,2.38,3.12,2.35,2.55,2.37,2.48,2.83,2.14,1.73
Weighted Average Shs Out,12255045.0,12223750.0,12185737.0,12703869.0,12905807.0,13307498.0,13237523.0,13151630.0,13151630.0,13134630.0
Weighted Average Shs Out (Dil),12256000.0,12225000.0,12317000.0,12836000.0,13226000.0,13310000.0,13240000.0,13163000.0,13120000.0,13119000.0
Dividend per Share,1.02,2.5,0.99,0.98,0.97,0.48,0.95,0.94,0.92,0.9
Gross Margin,1.0,1.0,1.0,1.0,1.0,1.0,1.0,1.0,1.0,1.0
EBITDA Margin,0.415,0.391,0.426,0.332,0.376,0.363,0.37,0.438,0.381,0.333
EBIT Margin,0.3874,0.3592,0.3923,0.292,0.3341,0.3239,0.3338,0.4069,0.3414,0.2921
Profit Margin,0.313,0.21,0.258,0.217,0.235,0.225,0.235,0.293,0.239,0.219
Free Cash Flow margin,0.372,0.3405,0.2567,0.2717,0.3661,0.4303,0.3115,0.3295,0.3938,0.2193
EBITDA,61892000.0,54179000.0,63264000.0,46078000.0,53938000.0,50783000.0,51735000.0,55489000.0,44654000.0,34474000.0
EBIT,57728000.0,49753000.0,58296000.0,40588000.0,47961000.0,45301000.0,46630000.0,51592000.0,40011000.0,30275000.0
Consolidated Income,46583000.0,29131000.0,38413000.0,30196000.0,33772000.0,31534000.0,32812000.0,37195000.0,28044000.0,22720000.0
Earnings Before Tax Margin,0.3874,0.3592,0.3923,0.292,0.3341,0.3239,0.3338,0.4069,0.3414,0.2921
Net Profit Margin,0.3126,0.2103,0.2585,0.2173,0.2353,0.2255,0.2349,0.2934,0.2393,0.2192
