Date,2018-12-31,2017-12-31,2016-12-31,2015-12-31,2014-12-31,2013-12-31,2012-12-31,2011-12-31,2010-12-31,2009-12-31
Revenue,4494300000.0,4267900000.0,4053900000.0,5034000000.0,5067600000.0,4793700000.0,4590700000.0,3931600000.0,3152200000.0,2834100000.0
Revenue Growth,0.053,0.0528,-0.1947,-0.0066,0.0571,0.0442,0.1676,0.2473,0.1122,0.0573
Cost of Revenue,3616400000.0,3420300000.0,3349600000.0,3917300000.0,3967500000.0,3732100000.0,3912500000.0,3329700000.0,2457100000.0,2220500000.0
Gross Profit,877900000.0,847600000.0,704300000.0,1116700000.0,1100100000.0,1061600000.0,678200000.0,601900000.0,695100000.0,613600000.0
R&D Expenses,0.0,0.0,0.0,0.0,0.0,0.0,0.0,0.0,0.0,0.0
SG&A Expense,522100000.0,509500000.0,498600000.0,631000000.0,656200000.0,667200000.0,587600000.0,525300000.0,445200000.0,341700000.0
Operating Expenses,522100000.0,509500000.0,498600000.0,592600000.0,656200000.0,667200000.0,587600000.0,525300000.0,445200000.0,341700000.0
Operating Income,355800000.0,338100000.0,205700000.0,524100000.0,443900000.0,394400000.0,90600000.0,76600000.0,249900000.0,271900000.0
Interest Expense,45100000.0,45200000.0,51400000.0,60600000.0,65800000.0,65300000.0,61900000.0,55000000.0,44300000.0,35500000.0
Earnings before Tax,434500000.0,263000000.0,154100000.0,440100000.0,377700000.0,334400000.0,38500000.0,26800000.0,207200000.0,280300000.0
Income Tax Expense,43500000.0,76800000.0,-1000000.0,108600000.0,95700000.0,83400000.0,-17400000.0,-9900000.0,56000000.0,83100000.0
Net Income - Non-Controlling int,0.0,0.0,0.0,0.0,0.0,0.0,0.0,0.0,0.0,0.0
Net Income - Discontinued ops,-152000000.0,29900000.0,-88100000.0,-700000.0,300000.0,-5300000.0,-9800000.0,-5200000.0,-1600000.0,-9400000.0
Net Income,391000000.0,186200000.0,155100000.0,331500000.0,282000000.0,251000000.0,55900000.0,36700000.0,151200000.0,197200000.0
Preferred Dividends,0.0,0.0,0.0,0.0,0.0,0.0,0.0,0.0,0.0,0.0
Net Income Com,391000000.0,186200000.0,155100000.0,331500000.0,282000000.0,251000000.0,55900000.0,36700000.0,151200000.0,197200000.0
EPS,9.21,4.38,3.63,7.55,6.41,5.7,1.25,0.81,3.32,3.9
EPS Diluted,9.09,4.33,3.59,7.4,6.28,5.59,1.23,0.8,3.27,3.86
Weighted Average Shs Out,42332507.0,42474995.0,42543286.0,43247266.0,44029507.0,43858956.0,44573485.0,44870688.0,45109681.0,50032721.0
Weighted Average Shs Out (Dil),42400000.0,42500000.0,42800000.0,43900000.0,44000000.0,44100000.0,44700000.0,45200000.0,45600000.0,50600000.0
Dividend per Share,2.22,2.04,1.88,1.69,1.52,1.36,1.23,1.415,1.0,0.75
Gross Margin,0.1953,0.1986,0.1737,0.2218,0.2171,0.2215,0.1477,0.1531,0.2205,0.2165
EBITDA Margin,0.112,0.079,0.058,0.105,0.094,0.091,0.03,0.028,0.085,0.116
EBIT Margin,0.1067,0.0722,0.0507,0.0995,0.0875,0.0834,0.0219,0.0208,0.0798,0.1114
Profit Margin,0.087,0.044,0.038,0.066,0.056,0.052,0.012,0.009,0.048,0.07
Free Cash Flow margin,0.1198,0.1607,0.1795,0.0845,0.1092,0.0753,0.0843,0.0522,0.0231,0.0287
EBITDA,504200000.0,338300000.0,236200000.0,530900000.0,477000000.0,434700000.0,136000000.0,108500000.0,268200000.0,327600000.0
EBIT,479600000.0,308200000.0,205500000.0,500700000.0,443500000.0,399700000.0,100400000.0,81800000.0,251500000.0,315800000.0
Consolidated Income,391000000.0,186200000.0,155100000.0,331500000.0,282000000.0,251000000.0,55900000.0,36700000.0,151200000.0,197200000.0
Earnings Before Tax Margin,0.0967,0.0616,0.038,0.0874,0.0745,0.0698,0.0084,0.0068,0.0657,0.0989
Net Profit Margin,0.087,0.0436,0.0383,0.0659,0.0556,0.0524,0.0122,0.0093,0.048,0.0696
