Date,2018-12-31,2017-12-31,2016-12-31,2015-12-31,2014-12-31,2013-12-31,2012-12-31,2011-12-31,2010-12-31,2009-12-31
Revenue,1571853000.0,1382474000.0,1319046000.0,1796103000.0,1838050000.0,1966492000.0,1925803000.0,2053708000.0,1721327000.0,1634405000.0
Revenue Growth,0.137,0.0481,-0.2656,-0.0228,-0.0653,0.0211,-0.0623,0.1931,0.0532,-0.2474
Cost of Revenue,1377955000.0,1193311000.0,1144914000.0,1578231000.0,1622298000.0,1736176000.0,1729521000.0,1851878000.0,1534204000.0,1536752000.0
Gross Profit,193898000.0,189163000.0,174132000.0,217872000.0,215752000.0,230316000.0,196282000.0,201830000.0,187123000.0,97653000.0
R&D Expenses,0.0,0.0,0.0,0.0,0.0,0.0,0.0,0.0,0.0,0.0
SG&A Expense,89527000.0,87756000.0,102058000.0,124459000.0,123574000.0,132804000.0,133185000.0,151553000.0,138013000.0,118331000.0
Operating Expenses,94319000.0,97872000.0,128174000.0,132527000.0,136239000.0,205243000.0,148502000.0,160133000.0,156866000.0,134551000.0
Operating Income,99579000.0,91291000.0,45958000.0,85345000.0,79513000.0,25073000.0,47780000.0,41697000.0,30257000.0,-36898000.0
Interest Expense,19856000.0,10882000.0,18259000.0,23847000.0,31097000.0,51405000.0,55191000.0,54256000.0,59148000.0,57881000.0
Earnings before Tax,50159000.0,91714000.0,47347000.0,70208000.0,28852000.0,-20097000.0,31784000.0,-9971000.0,-21038000.0,-69040000.0
Income Tax Expense,1259000.0,44089000.0,8768000.0,-123844000.0,7336000.0,178000.0,13752000.0,13293000.0,14361000.0,-1104000.0
Net Income - Non-Controlling int,0.0,110000.0,701000.0,1739000.0,5571000.0,4211000.0,6976000.0,5109000.0,8441000.0,8904000.0
Net Income - Discontinued ops,28219000.0,-8032000.0,-25576000.0,-10324000.0,14105000.0,-10265000.0,-45602000.0,-6948000.0,-15723000.0,0.0
Net Income,48900000.0,47625000.0,38579000.0,194052000.0,21516000.0,-20275000.0,18032000.0,-23264000.0,-35399000.0,-67936000.0
Preferred Dividends,0.0,0.0,0.0,0.0,0.0,0.0,0.0,0.0,10707000.0,16087000.0
Net Income Com,48900000.0,47625000.0,38579000.0,194052000.0,21516000.0,-20275000.0,18032000.0,-23264000.0,-46106000.0,-84023000.0
EPS,2.37,2.32,1.85,9.2,1.04,-0.99,0.9,-1.2,-3.33,-6.74
EPS Diluted,2.33,2.29,1.82,9.06,1.01,-0.99,0.9,-1.2,-3.33,-6.74
Weighted Average Shs Out,20606736.0,20528437.0,20339114.0,21107987.0,20750478.0,20469782.0,20247134.0,19683032.0,19101588.0,
Weighted Average Shs Out (Dil),20591674.0,20498668.0,20864321.0,21093387.0,20662425.0,20387168.0,20080839.0,19364433.0,13865509.0,12467866.0
Dividend per Share,0.49,0.45,0.41,0.1,0.0,0.0,0.0,0.0,0.0,0.0
Gross Margin,0.1234,0.1368,0.132,0.1213,0.1174,0.1171,0.1019,0.0983,0.1087,0.0597
EBITDA Margin,0.079,0.111,0.086,0.093,0.076,0.061,0.092,0.072,0.084,0.084
EBIT Margin,0.0445,0.0742,0.0497,0.0524,0.0326,0.0159,0.0452,0.0216,0.0221,-0.0068
Profit Margin,0.031,0.034,0.029,0.108,0.012,-0.01,0.009,-0.011,-0.027,-0.051
Free Cash Flow margin,0.0664,0.0625,0.0653,-0.0015,0.0147,0.0444,-0.0008,-0.0002,0.0205,-0.0227
EBITDA,124830000.0,153067000.0,113467000.0,166597000.0,139050000.0,120146000.0,176877000.0,146868000.0,143813000.0,136546000.0
EBIT,70015000.0,102596000.0,65606000.0,94055000.0,59949000.0,31308000.0,86975000.0,44285000.0,38110000.0,-11159000.0
Consolidated Income,48900000.0,47735000.0,39280000.0,195791000.0,27087000.0,-16064000.0,25008000.0,-18155000.0,-26958000.0,-59032000.0
Earnings Before Tax Margin,0.0319,0.0663,0.0359,0.0391,0.0157,-0.0102,0.0165,-0.0049,-0.0122,-0.0422
Net Profit Margin,0.0311,0.0344,0.0292,0.108,0.0117,-0.0103,0.0094,-0.0113,-0.0206,-0.0416
