date,,2020-12-31_FY,2019-12-31_FY,2018-12-31_FY,2017-12-31_FY,2016-12-31_FY,2015-12-31_FY,2014-12-31_FY,2013-12-31_FY,2012-12-31_FY,2011-12-31_FY
,revenue,604000000.0,1560000000.0,1615000000.0,1556000000.0,1480000000.0,1492000000.0,1246000000.0,944661000.0,762966000.0,637063000.0
,costOfRevenue,55000000.0,94000000.0,86000000.0,72000000.0,71000000.0,58000000.0,40000000.0,17714000.0,12074000.0,10873000.0
,grossProfit,549000000.0,1466000000.0,1529000000.0,1484000000.0,1409000000.0,1434000000.0,1206000000.0,926947000.0,750892000.0,626190000.0
,grossProfitRatio,0.908940397350993,0.93974358974359,0.946749226006192,0.953727506426735,0.952027027027027,0.96112600536193,0.967897271268058,0.981248299654585,0.984174917361979,0.982932614199851
,,,,,,,,,,,,,,,,,,,,,,,,,,,,,,,,,,,,,,,,,,,,,,,,,,,,,,,,,,,,,,,,,,,,,,,,,,,,,,,,,,,,,,,,,,,,,,,,,,,,,
COST And EXPENSES,,,,,,,,,,,,,,,,,,,,,,,,,,,,,,,,,,,,,,,,,,,,,,,,,,,,,,,,,,,,,,,,,,,,,,,,,,,,,,,,,,,,,,,,,,,,,,,,,,,,,
,ResearchAndDevelopmentExpenses,0.0,0.0,275000000.0,243000000.0,243000000.0,207000000.0,171000000.0,130673000.0,86640000.0,57448000.0
,GeneralAndAdministrativeExpenses,393000000.0,481000000.0,452000000.0,400000000.0,386000000.0,417000000.0,299000000.0,228794000.0,162281000.0,44770000.0
,SellingAndMarketingExpenses,316000000.0,672000000.0,778000000.0,849000000.0,756000000.0,692000000.0,502000000.0,368353000.0,266239000.0,209176000.0
,otherExpenses,-8000000.0,-3000000.0,-10000000.0,-14000000.0,-15000000.0,7000000.0,-18000000.0,-1536000.0,-3450000.0,0.0
,operatingExpenses,489000000.0,1279000000.0,1346000000.0,1360000000.0,1243000000.0,1202000000.0,866000000.0,632373000.0,454596000.0,337279000.0
,costAndExpenses,933000000.0,1373000000.0,1432000000.0,1432000000.0,1314000000.0,1260000000.0,906000000.0,650087000.0,466670000.0,348152000.0
,interestExpense,35000000.0,7000000.0,12000000.0,15000000.0,12000000.0,10000000.0,9000000.0,10074000.0,0.0,153000.0
,,,,,,,,,,,,,,,,,,,,,,,,,,,,,,,,,,,,,,,,,,,,,,,,,,,,,,,,,,,,,,,,,,,,,,,,,,,,,,,,,,,,,,,,,,,,,,,,,,,,,
EBITDA,,,,,,,,,,,,,,,,,,,,,,,,,,,,,,,,,,,,,,,,,,,,,,,,,,,,,,,,,,,,,,,,,,,,,,,,,,,,,,,,,,,,,,,,,,,,,,,,,,,,,
,depreciationAndAmortization,125000000.0,126000000.0,116000000.0,111000000.0,101000000.0,93000000.0,65000000.0,35226000.0,26076000.0,25885000.0
,EBITDA,-204000000.0,313000000.0,299000000.0,235000000.0,267000000.0,325000000.0,405000000.0,329800000.0,322372000.0,314796000.0
,EBITDARatio,-0.337748344370861,0.200641025641026,0.185139318885449,0.151028277634961,0.180405405405405,0.217828418230563,0.325040128410915,0.349119948849376,0.42252472587245,0.494136372697834
,,,,,,,,,,,,,,,,,,,,,,,,,,,,,,,,,,,,,,,,,,,,,,,,,,,,,,,,,,,,,,,,,,,,,,,,,,,,,,,,,,,,,,,,,,,,,,,,,,,,,
INCOME,,,,,,,,,,,,,,,,,,,,,,,,,,,,,,,,,,,,,,,,,,,,,,,,,,,,,,,,,,,,,,,,,,,,,,,,,,,,,,,,,,,,,,,,,,,,,,,,,,,,,
,operatingIncome,-329000000.0,187000000.0,183000000.0,124000000.0,166000000.0,232000000.0,340000000.0,294574000.0,296296000.0,288911000.0
,operatingIncomeRatio,-0.544701986754967,0.119871794871795,0.113312693498452,0.0796915167095116,0.112162162162162,0.155495978552279,0.272873194221509,0.311830381480764,0.388347580364,0.453504598446308
,totalOtherIncomeExpensesNet,-8000000.0,-3000000.0,-5000000.0,-14000000.0,-4000000.0,16000000.0,-10000000.0,-1536000.0,-3450000.0,-17408000.0
,incomeBeforeTax,-369000000.0,194000000.0,173000000.0,110000000.0,151000000.0,239000000.0,322000000.0,284702000.0,281975000.0,271894000.0
,incomeBeforeTaxRatio,-0.610927152317881,0.124358974358974,0.107120743034056,0.070694087403599,0.102027027027027,0.160187667560322,0.258426966292135,0.30138007179295,0.369577412361757,0.426792954542957
,incomeTaxExpense,80000000.0,68000000.0,60000000.0,129000000.0,31000000.0,41000000.0,96000000.0,79259000.0,87387000.0,94103000.0
,netIncome,-289000000.0,126000000.0,113000000.0,-19000000.0,120000000.0,198000000.0,226000000.0,205443000.0,194069000.0,177677000.0
,netIncomeRatio,-0.478476821192053,0.0807692307692308,0.069969040247678,-0.0122107969151671,0.0810810810810811,0.132707774798928,0.181380417335474,0.217478015923172,0.254361269047376,0.278900202962658
,,,,,,,,,,,,,,,,,,,,,,,,,,,,,,,,,,,,,,,,,,,,,,,,,,,,,,,,,,,,,,,,,,,,,,,,,,,,,,,,,,,,,,,,,,,,,,,,,,,,,
EPS,,,,,,,,,,,,,,,,,,,,,,,,,,,,,,,,,,,,,,,,,,,,,,,,,,,,,,,,,,,,,,,,,,,,,,,,,,,,,,,,,,,,,,,,,,,,,,,,,,,,,
,EPS,-2.15671641791045,0.91,0.82,-0.14,0.83,1.38,1.58,1.44,1.39,1.33
,EPSDiluted,-2.15671641791045,0.89,0.81,-0.14,0.82,1.36,1.55,1.41,1.37,1.32
,weightedAverageShsOut,134000000.0,139000000.0,138000000.0,140000000.0,145000000.0,144000000.0,143000000.0,142854000.0,139461886.0,133461000.0
,weightedAverageShsOutDil,134000000.0,141000000.0,140000000.0,140000000.0,147000000.0,146000000.0,146000000.0,145263000.0,141341351.0,134865000.0
