Date,2018-09-30,2017-09-30,2016-09-30,2015-09-30,2014-09-30,2013-09-30,2012-09-30,2011-09-30,2010-09-30,2009-09-30
Revenue,51599000.0,48759000.0,41692000.0,38325000.0,34448000.0,33135000.0,31939000.0,27356000.0,20781000.0,21512000.0
Revenue Growth,0.0582,0.1695,0.0879,0.1125,0.0396,0.0374,0.1675,0.3164,-0.034,-0.2092
Cost of Revenue,0.0,0.0,0.0,0.0,0.0,0.0,0.0,0.0,0.0,0.0
Gross Profit,51599000.0,48759000.0,41692000.0,38325000.0,34448000.0,33135000.0,31939000.0,27356000.0,20781000.0,21512000.0
R&D Expenses,0.0,0.0,0.0,0.0,0.0,0.0,0.0,0.0,0.0,0.0
SG&A Expense,23537000.0,21880000.0,20770000.0,20057000.0,19602000.0,18713000.0,18040000.0,18475000.0,17807000.0,16564000.0
Operating Expenses,27881000.0,26111000.0,25260000.0,24620000.0,24702000.0,25007000.0,24774000.0,25963000.0,24641000.0,22739000.0
Operating Income,23718000.0,22648000.0,16432000.0,13705000.0,9746000.0,8128000.0,7165000.0,1393000.0,-3860000.0,-1227000.0
Interest Expense,0.0,0.0,0.0,0.0,0.0,0.0,0.0,0.0,0.0,0.0
Earnings before Tax,22422000.0,21243000.0,15055000.0,12484000.0,8650000.0,7271000.0,6371000.0,1393000.0,-3860000.0,-1227000.0
Income Tax Expense,5701000.0,7076000.0,4901000.0,4192000.0,2800000.0,2514000.0,1781000.0,304000.0,-1569000.0,-985000.0
Net Income - Non-Controlling int,0.0,0.0,0.0,0.0,0.0,0.0,0.0,0.0,0.0,0.0
Net Income - Discontinued ops,0.0,0.0,0.0,0.0,0.0,0.0,0.0,0.0,0.0,0.0
Net Income,16721000.0,14167000.0,10154000.0,8292000.0,5850000.0,4757000.0,4590000.0,1089000.0,-2291000.0,-242000.0
Preferred Dividends,0.0,0.0,0.0,0.0,206000.0,738000.0,1072000.0,1057000.0,1042000.0,772000.0
Net Income Com,16721000.0,14167000.0,10154000.0,8292000.0,5644000.0,4019000.0,3518000.0,32000.0,-3333000.0,-1014000.0
EPS,2.28,1.99,1.48,1.2,0.82,0.59,0.52,0.0,-0.5,-0.15
EPS Diluted,2.22,1.92,1.43,1.17,0.8,0.58,0.52,0.0,-0.5,-0.15
Weighted Average Shs Out,7395927.0,7358877.0,6940568.0,7053636.0,7045936.0,7045036.0,7045036.0,7045036.0,7045036.0,7045036.0
Weighted Average Shs Out (Dil),7395927.0,7358877.0,6940568.0,7053636.0,7045936.0,7045036.0,7045036.0,7045036.0,7045036.0,7045036.0
Dividend per Share,0.6,0.5,0.37,0.24,0.16,0.09,0.0,0.0,0.04,0.39
Gross Margin,1.0,1.0,1.0,1.0,1.0,1.0,1.0,1.0,1.0,1.0
EBITDA Margin,0.46,0.462,0.393,0.361,0.291,0.256,0.229,0.087,-0.131,-0.004
EBIT Margin,0.4345,0.4357,0.3611,0.3257,0.2511,0.2194,0.1995,0.0509,-0.1857,-0.057
Profit Margin,0.324,0.291,0.244,0.216,0.164,0.121,0.11,0.001,-0.16,-0.047
Free Cash Flow margin,0.3823,0.2119,0.2681,0.1928,0.2169,0.3329,0.4368,0.354,0.2676,0.4373
EBITDA,23712000.0,22505000.0,16383000.0,13843000.0,10010000.0,8496000.0,7311000.0,2385000.0,-2719000.0,-91000.0
EBIT,22422000.0,21243000.0,15055000.0,12484000.0,8650000.0,7271000.0,6371000.0,1393000.0,-3860000.0,-1227000.0
Consolidated Income,16721000.0,14167000.0,10154000.0,8292000.0,5850000.0,4757000.0,4590000.0,1089000.0,-2291000.0,-242000.0
Earnings Before Tax Margin,0.4345,0.4357,0.3611,0.3257,0.2511,0.2194,0.1995,0.0509,-0.1857,-0.057
Net Profit Margin,0.3241,0.2906,0.2435,0.2164,0.1698,0.1436,0.1437,0.0398,-0.1102,-0.0112
