Date,2018-12-31,2017-12-31,2016-12-31,2015-12-31,2014-12-31,2013-12-31,2012-12-31,2011-12-31,2010-12-31,2009-12-31
Revenue,6618000.0,215000.0,15065000.0,1671000.0,3646000.0,10481000.0,7117000.0,4068000.0,10093000.0,79000.0
Revenue Growth,29.7814,-0.9857,8.0156,-0.5417,-0.6521,0.4727,0.7495,-0.5969,126.7595,0.0822
Cost of Revenue,538000.0,0.0,0.0,0.0,0.0,0.0,0.0,0.0,0.0,0.0
Gross Profit,6080000.0,215000.0,15065000.0,1671000.0,3646000.0,10481000.0,7117000.0,4068000.0,10093000.0,79000.0
R&D Expenses,7478000.0,9648000.0,6126000.0,4675000.0,4075000.0,8309000.0,10610000.0,11206000.0,12855000.0,2456000.0
SG&A Expense,6866000.0,5069000.0,4596000.0,3755000.0,3046000.0,3063000.0,4877000.0,3368000.0,3263000.0,3438000.0
Operating Expenses,14344000.0,14717000.0,10722000.0,8430000.0,7121000.0,11372000.0,15487000.0,14574000.0,16118000.0,5894000.0
Operating Income,-8264000.0,-14502000.0,4343000.0,-6759000.0,-3475000.0,-891000.0,-8370000.0,-10506000.0,-6025000.0,-5815000.0
Interest Expense,887000.0,369000.0,-37000.0,0.0,0.0,1568000.0,4861000.0,6430000.0,678000.0,6000.0
Earnings before Tax,-9023000.0,-14307000.0,5135000.0,-11279000.0,-2403000.0,9711000.0,-15180000.0,-15203000.0,-6834000.0,-5886000.0
Income Tax Expense,0.0,0.0,0.0,0.0,0.0,0.0,0.0,0.0,0.0,0.0
Net Income - Non-Controlling int,0.0,0.0,0.0,0.0,0.0,0.0,0.0,0.0,0.0,0.0
Net Income - Discontinued ops,0.0,0.0,0.0,0.0,0.0,0.0,0.0,0.0,0.0,0.0
Net Income,-9023000.0,-14307000.0,5135000.0,-11279000.0,-2403000.0,9711000.0,-15180000.0,-15203000.0,-6834000.0,-5886000.0
Preferred Dividends,285000.0,0.0,0.0,0.0,0.0,0.0,0.0,0.0,-1241000.0,0.0
Net Income Com,-9308000.0,-14307000.0,5135000.0,-11279000.0,-2403000.0,9711000.0,-15180000.0,-15203000.0,-5593000.0,-5886000.0
EPS,-1.64,-4.05,1.49,-3.36,-0.84,3.9,-7.624,-8.619,-2.983,-3.315
EPS Diluted,-1.66,-4.22,1.2,-3.36,-1.2,3.18,-7.624,-9.282,-2.983,-3.315
Weighted Average Shs Out,12996034.0,3534028.0,3533217.0,3343343.0,3318325.0,2490134.0,2269053.0,1791501.0,1787343.0,1758386.0
Weighted Average Shs Out (Dil),5688000.0,3534000.0,3457000.0,3342234.0,2842890.0,2487883.0,2006395.0,1789643.0,1787350.0,1763971.0
Dividend per Share,0.0,0.0,0.0,0.0,0.0,0.0,0.0,0.0,0.0,0.0
Gross Margin,0.9187,1.0,1.0,1.0,1.0,1.0,1.0,1.0,1.0,1.0
EBITDA Margin,-1.172,-62.888,0.363,-6.536,-0.562,1.086,-1.448,-2.149,-0.602,-72.291
EBIT Margin,-1.2294,-64.8279,0.3384,-6.7499,-0.6591,1.0761,-1.4499,-2.1566,-0.6099,-74.4304
Profit Margin,-1.406,-66.544,0.341,-6.75,-0.659,0.927,-2.133,-3.737,-0.554,-74.506
Free Cash Flow margin,-1.3368,-59.7767,0.4064,-4.5476,-1.6135,-0.9653,0.095,-3.616,-0.4642,-68.5316
EBITDA,-7756000.0,-13521000.0,5475000.0,-10921000.0,-2050000.0,11386000.0,-10302000.0,-8741000.0,-6071000.0,-5711000.0
EBIT,-8136000.0,-13938000.0,5098000.0,-11279000.0,-2403000.0,11279000.0,-10319000.0,-8773000.0,-6156000.0,-5880000.0
Consolidated Income,-9023000.0,-14307000.0,5135000.0,-11279000.0,-2403000.0,9711000.0,-15180000.0,-15203000.0,-6834000.0,-5886000.0
Earnings Before Tax Margin,-1.3634,-66.5442,0.3409,-6.7499,-0.6591,0.9265,-2.1329,-3.7372,-0.6771,-74.5063
Net Profit Margin,-1.3634,-66.5442,0.3409,-6.7499,-0.6591,0.9265,-2.1329,-3.7372,-0.6771,-74.5063
