date,,2020-12-29_FY,2019-12-31_FY,2018-12-25_FY,2017-12-26_FY,2016-12-27_FY,2015-12-29_FY,2014-12-30_FY,2013-12-31_FY,2012-12-25_FY,2011-12-27_FY,2010-12-28_FY,2009-12-29_FY,2008-12-30_FY,2007-12-25_FY,2006-12-26_FY,2005-12-27_FY,2004-12-28_FY,2003-12-31_FY,2002-12-31_FY,2001-12-31_FY
,revenue,2398123000.0,2756163000.0,2457449000.0,2219531000.0,1990714000.0,1807368000.0,1582148000.0,1422585000.0,1263300000.0,1109200000.0,1005000000.0,942300000.0,880500000.0,735100000.0,597100000.0,458800000.0,363000000.0,286453000.0,232836000.0,159912000.0
,costOfRevenue,780646000.0,2259950000.0,795300000.0,721550000.0,669203000.0,644001000.0,553144000.0,1157560000.0,423600000.0,367400000.0,324300000.0,312800000.0,308100000.0,255100000.0,205600000.0,158000000.0,123500000.0,0.0,0.0,0.0
,grossProfit,1617477000.0,496213000.0,1662149000.0,1497981000.0,1321511000.0,1163367000.0,1029004000.0,265025000.0,839700000.0,741800000.0,680700000.0,629500000.0,572400000.0,480000000.0,391500000.0,300800000.0,239500000.0,0.0,0.0,0.0
,grossProfitRatio,0.67447624663122,0.180037610257448,0.676371717175005,0.674908798300181,0.663837698433828,0.643680202371625,0.650384161279476,0.186298182533908,0.664687722631204,0.668770284890011,0.677313432835821,0.668046269765467,0.650085178875639,0.652972384709563,0.65566906715793,0.655623365300785,0.659779614325069,0.0,0.0,0.0
,,,,,,,,,,,,,,,,,,,,,,,,,,,,,,,,,,,,,,,,,,,,,,,,,,,,,,,,,,,,,,,,,,,,,,,,,,,,,,,,,,,,,,,,,,,,,,,,,,,,,
COST And EXPENSES,,,,,,,,,,,,,,,,,,,,,,,,,,,,,,,,,,,,,,,,,,,,,,,,,,,,,,,,,,,,,,,,,,,,,,,,,,,,,,,,,,,,,,,,,,,,,,,,,,,,,
,ResearchAndDevelopmentExpenses,0.0,0.0,0.0,0.0,0.0,0.0,0.0,0.0,0.0,0.0,0.0,0.0,0.0,0.0,0.0,0.0,0.0,0.0,0.0,0.0
,GeneralAndAdministrativeExpenses,119503000.0,149389000.0,1014489000.0,889420000.0,774478000.0,684538000.0,603201000.0,77258000.0,476600000.0,418600000.0,373900000.0,349900000.0,324400000.0,268400000.0,219800000.0,163800000.0,131700000.0,0.0,0.0,0.0
,SellingAndMarketingExpenses,0.0,0.0,0.0,0.0,0.0,0.0,0.0,0.0,0.0,0.0,0.0,0.0,0.0,0.0,0.0,0.0,0.0,0.0,0.0,0.0
,otherExpenses,0.0,0.0,358377000.0,328202000.0,291990000.0,263596000.0,235539000.0,0.0,204300000.0,184100000.0,172900000.0,159000000.0,146000000.0,116300000.0,95500000.0,75100000.0,58000000.0,0.0,0.0,0.0
,operatingExpenses,119503000.0,285089000.0,1474360000.0,1311775000.0,1149611000.0,1018802000.0,898555000.0,146711000.0,729300000.0,646600000.0,590100000.0,553700000.0,510300000.0,416800000.0,337200000.0,253500000.0,200800000.0,0.0,0.0,0.0
,costAndExpenses,2374279000.0,2545039000.0,2269660000.0,2033325000.0,1818814000.0,1662803000.0,1451699000.0,1304271000.0,1152900000.0,1014000000.0,914400000.0,866500000.0,818400000.0,671900000.0,542800000.0,411500000.0,324300000.0,28834000.0,26305000.0,0.0
,interestExpense,-4091000.0,-1514000.0,762000.0,1577000.0,1255000.0,1959000.0,2084000.0,2201000.0,2347000.0,2413000.0,-2673000.0,-3273000.0,-3844000.0,-2295000.0,-645000.0,-263000.0,-4654000.0,0.0,0.0,0.0
,,,,,,,,,,,,,,,,,,,,,,,,,,,,,,,,,,,,,,,,,,,,,,,,,,,,,,,,,,,,,,,,,,,,,,,,,,,,,,,,,,,,,,,,,,,,,,,,,,,,,
EBITDA,,,,,,,,,,,,,,,,,,,,,,,,,,,,,,,,,,,,,,,,,,,,,,,,,,,,,,,,,,,,,,,,,,,,,,,,,,,,,,,,,,,,,,,,,,,,,,,,,,,,,
,depreciationAndAmortization,117877000.0,115544000.0,101216000.0,93499000.0,82964000.0,69694000.0,59179000.0,51562000.0,46700000.0,42700000.0,41300000.0,41800000.0,37700000.0,30400000.0,21400000.0,14600000.0,11000000.0,8562000.0,6876000.0,0.0
,EBITDA,141721000.0,326668000.0,289005000.0,279705000.0,254864000.0,214259000.0,189628000.0,169876000.0,157200000.0,137900000.0,131900000.0,117700000.0,99700000.0,93600000.0,75800000.0,61900000.0,49700000.0,266181000.0,213407000.0,159912000.0
,EBITDARatio,0.0590966351600814,0.118522743393624,0.117603661357774,0.126019866359154,0.128026426699164,0.118547523249277,0.119854779704554,0.119413602702123,0.124436000949893,0.124323836999639,0.131243781094527,0.124907142099119,0.113231118682567,0.127329615018365,0.126946910065316,0.134917175239756,0.136914600550964,0.929230973318485,0.916555000085897,1.0
,,,,,,,,,,,,,,,,,,,,,,,,,,,,,,,,,,,,,,,,,,,,,,,,,,,,,,,,,,,,,,,,,,,,,,,,,,,,,,,,,,,,,,,,,,,,,,,,,,,,,
INCOME,,,,,,,,,,,,,,,,,,,,,,,,,,,,,,,,,,,,,,,,,,,,,,,,,,,,,,,,,,,,,,,,,,,,,,,,,,,,,,,,,,,,,,,,,,,,,,,,,,,,,
,operatingIncome,23844000.0,211124000.0,187789000.0,186206000.0,171900000.0,144565000.0,130449000.0,118314000.0,110500000.0,95200000.0,90600000.0,75900000.0,62000000.0,63200000.0,54400000.0,47300000.0,38700000.0,257619000.0,206531000.0,159912000.0
,operatingIncomeRatio,0.00994277607945881,0.0766006945162532,0.0764162348842234,0.0838943001922478,0.0863509273557126,0.0799864775740192,0.0824505672035739,0.0831683168316832,0.0874693263674503,0.0858276235124414,0.0901492537313433,0.0805475963069086,0.0704145371947757,0.0859746973200925,0.0911070172500419,0.103095030514385,0.106611570247934,0.899341253189878,0.887023484340909,1.0
,totalOtherIncomeExpensesNet,0.0,1277000.0,-189000.0,155000.0,-85000.0,673000.0,0.0,2114000.0,0.0,0.0,0.0,0.0,0.0,0.0,0.0,0.0,0.0,0.0,0.0,0.0
,incomeBeforeTax,19253000.0,213915000.0,188551000.0,186117000.0,171756000.0,144247000.0,129967000.0,118227000.0,108500000.0,93200000.0,88400000.0,72800000.0,58400000.0,61200000.0,53400000.0,46600000.0,34000000.0,0.0,0.0,7291000.0
,incomeBeforeTaxRatio,0.00802836218158952,0.0776133341895962,0.0767263125297819,0.0838542016308851,0.0862785915003361,0.0798105311148587,0.0821459180809886,0.0831071605563112,0.0858861711390802,0.0840245221781464,0.0879601990049751,0.0772577735328452,0.0663259511641113,0.0832539790504693,0.0894322559035337,0.101569311246731,0.09366391184573,0.0,0.0,0.0455938266046325
,incomeTaxExpense,-15672000.0,32397000.0,24257000.0,48581000.0,51183000.0,42986000.0,38990000.0,34140000.0,34738000.0,26765000.0,27683000.0,23491000.0,19389000.0,21176000.0,19381000.0,16292000.0,7159000.0,0.0,0.0,0.0
,netIncome,34925000.0,174452000.0,158225000.0,131526000.0,115598000.0,96894000.0,87022000.0,80423000.0,71200000.0,64000000.0,58300000.0,47500000.0,38200000.0,39300000.0,34000000.0,30300000.0,21700000.0,23143000.0,16953000.0,7291000.0
,netIncomeRatio,0.0145634731829852,0.0632952405209706,0.0643858733182255,0.0592584649639946,0.0580686125681539,0.053610554131754,0.0550024397211892,0.0565330015429658,0.056360326129977,0.0576992426974396,0.0580099502487562,0.0504085747638756,0.0433844406587166,0.0534621139980955,0.0569418857812762,0.0660418482999128,0.0597796143250689,0.0807916132838546,0.0728109055300727,0.0455938266046325
,,,,,,,,,,,,,,,,,,,,,,,,,,,,,,,,,,,,,,,,,,,,,,,,,,,,,,,,,,,,,,,,,,,,,,,,,,,,,,,,,,,,,,,,,,,,,,,,,,,,,
EPS,,,,,,,,,,,,,,,,,,,,,,,,,,,,,,,,,,,,,,,,,,,,,,,,,,,,,,,,,,,,,,,,,,,,,,,,,,,,,,,,,,,,,,,,,,,,,,,,,,,,,
,EPS,0.503525035682877,2.47,2.21395889011712,1.85276592148079,1.64211034717882,1.38356751199452,1.24685856747811,1.15,1.01676520149659,0.903584689886911,0.816160824280435,0.678891477410779,0.525649493615148,0.526731983219633,0.460866972103993,0.441195742388281,0.836384659857391,0.3,0.235,0.076651
,EPSDiluted,0.503525035682877,2.46,2.19866877883386,1.83883009213304,1.62694927658616,1.36958457602442,1.23192570676255,1.13,0.996013149611807,0.885469990868591,0.79940764305009,0.666217846222895,0.515665708230403,0.511505622657226,0.444810759187305,0.417556673327362,0.767951304101638,0.285,0.22,0.070423
,weightedAverageShsOut,69361000.0,70509000.0,71467000.0,70989000.0,70396000.0,70032000.0,69793000.0,70089000.0,70026000.0,70829000.0,71432000.0,69967000.0,72672000.0,74611000.0,73774000.0,68677000.0,25945000.0,49430000.0,46668000.0,95120000.0
,weightedAverageShsOutDil,69361000.0,70916000.0,71964000.0,71527000.0,71052000.0,70747000.0,70639000.0,71362000.0,71485000.0,72278000.0,72929000.0,71298000.0,74079000.0,76832000.0,76437000.0,72565000.0,28257000.0,52094000.0,49376000.0,103532000.0
