Date,2018-12-31,2017-12-31,2016-12-31,2015-12-31,2014-12-31,2013-12-31,2012-12-31,2011-12-31,2010-12-31,2009-12-31
Revenue,935282000.0,840662000.0,756043000.0,591022000.0,493101000.0,416643000.0,363304000.0,309391000.0,288628000.0,290286000.0
Revenue Growth,0.112554153750259,0.111923528159113,0.279212956539689,0.198582034917796,0.183509623346606,0.146816440226367,0.174255230436567,0.0719368876200507,-0.00571160855156639,0.095
Cost of Revenue,495704000.0,441522000.0,400692000.0,313835000.0,259730000.0,223440000.0,195602000.0,167479000.0,160311000.0,161523000.0
Gross Profit,439578000.0,399140000.0,355351000.0,277187000.0,233371000.0,193203000.0,167702000.0,141912000.0,128317000.0,128763000.0
R&D Expenses,63264000.0,47324000.0,43154000.0,29922000.0,25743000.0,23269000.0,20140000.0,16414000.0,13971000.0,11159000.0
SG&A Expense,207605000.0,176974000.0,167161000.0,133317000.0,108260000.0,98289000.0,86706000.0,75650000.0,69480000.0,70115000.0
Operating Expenses,270869000.0,260298000.0,246715000.0,173539000.0,140403000.0,126075000.0,111125000.0,95395000.0,86676000.0,83979000.0
Operating Income,152492000.0,160930000.0,131305000.0,108043000.0,94822000.0,67128000.0,56577000.0,46517000.0,41641000.0,44784000.0
Interest Expense,0.0,0.0,0.0,0.0,0.0,0.0,0.0,0.0,0.0,0.0
Earnings before Tax,155870000.0,161628000.0,129307000.0,108424000.0,94467000.0,65819000.0,53868000.0,44113000.0,39899000.0,44638000.0
Income Tax Expense,8408000.0,-2317000.0,19450000.0,43555000.0,35527000.0,26718000.0,20874000.0,16556000.0,14845000.0,17628000.0
Net Income - Non-Controlling int,0.0,0.0,0.0,0.0,0.0,0.0,0.0,0.0,0.0,0.0
Net Income - Discontinued ops,0.0,0.0,0.0,0.0,0.0,0.0,0.0,0.0,0.0,0.0
Net Income,147462000.0,163945000.0,109857000.0,64869000.0,58940000.0,39101000.0,32994000.0,27557000.0,25054000.0,27010000.0
Preferred Dividends,0.0,0.0,0.0,0.0,0.0,0.0,0.0,0.0,0.0,0.0
Net Income Com,147462000.0,163945000.0,109857000.0,64869000.0,58940000.0,39101000.0,32994000.0,27557000.0,25054000.0,27010000.0
EPS,3.84,4.4,3.01,1.9,1.79,1.23,1.09,0.88,0.74,0.77
EPS Diluted,3.68,4.18,2.82,1.77,1.66,1.13,1.0,0.83,0.71,0.74
Weighted Average Shs Out,38445000.0,37273000.0,36448000.0,34137000.0,33011000.0,31891000.0,30327000.0,31267000.0,32255000.0,34979831.0
Weighted Average Shs Out (Dil),40123000.0,39246000.0,38961000.0,36552000.0,35401000.0,34590000.0,32916000.0,33154000.0,34075000.0,35240000.0
Dividend per Share,0.0,0.0,0.0,0.0,0.0,0.0,0.0,0.0,0.0,0.0
Gross Margin,0.469995145849,0.47479248497,0.470014271675,0.46899607798,0.473272209953,0.463713538929,0.461602404598,0.458681732824,0.4446,0.4436
EBITDA Margin,0.229076364134,0.255578341831,0.240205914214,0.215925972299,0.221915996926,0.194204630823,0.190716314712,0.18485670236,0.176,0.186
EBIT Margin,0.163043873399,0.191432466318,0.173673984152,0.182807069788,0.192297318399,0.161116351409,0.155729086385,0.150350204111,0.1382,0.1538
Profit Margin,0.157665816299,0.195018925561,0.145305227348,0.109757335598,0.119529264796,0.0938477305511,0.0908165062867,0.0890685249409,0.087,0.093
Free Cash Flow margin,0.238194469689,0.18164018357,0.203868033961,0.129457109888,0.231380589372,0.09416214841,0.136431198115,0.142722315775,0.1054,0.1054
EBITDA,214251000.0,214855000.0,181606000.0,127617000.0,109427000.0,80914000.0,69288000.0,57193000.0,50687000.0,54135000.0
EBIT,152492000.0,160930000.0,131305000.0,108043000.0,94822000.0,67128000.0,56577000.0,46517000.0,39899000.0,44638000.0
Consolidated Income,147462000.0,163945000.0,109857000.0,64869000.0,58940000.0,39101000.0,32994000.0,27557000.0,25054000.0,27010000.0
Earnings Before Tax Margin,0.166655618305,0.192262764345,0.171031277322,0.183451715841,0.191577384755,0.157974572956,0.148272521084,0.142580100908,0.1382,0.1538
Net Profit Margin,0.157665816299,0.195018925561,0.145305227348,0.109757335598,0.119529264796,0.0938477305511,0.0908165062867,0.0890685249409,0.0868,0.093
