Date,2018-12-31,2017-12-31,2016-12-31,2015-12-31,2014-12-31,2013-12-31,2012-12-31,2011-12-31,2010-12-31,2009-12-31
Revenue,9034403.0,10229978.0,11890135.0,13109003.0,10772192.0,11020829.0,0.0,13118090.0,9073324.0,4103340.0
Revenue Growth,-0.116869752799077,-0.139624739332228,-0.0929794584683519,0.216929943320728,-0.0225606440314063,0.0,-1,0.445786571712858,1.21120453094309,-0.2223
Cost of Revenue,9032860.0,10068578.0,11353484.0,13521363.0,11111533.0,11061799.0,0.0,11443892.0,7699592.0,3734294.0
Gross Profit,1543.0,161400.0,536651.0,-412360.0,-339341.0,-40970.0,0.0,1674198.0,1373732.0,369046.0
R&D Expenses,0.0,0.0,0.0,0.0,0.0,0.0,0.0,0.0,0.0,0.0
SG&A Expense,795833.0,533506.0,681487.0,736265.0,623569.0,736312.0,0.0,577763.0,592708.0,532744.0
Operating Expenses,795833.0,1121099.0,1353173.0,736265.0,1213548.0,1297201.0,0.0,782667.0,944367.0,605232.0
Operating Income,547036.0,-959699.0,-816522.0,-808997.0,-1552889.0,-1338171.0,0.0,891531.0,429365.0,-236186.0
Interest Expense,99970.0,106975.0,160795.0,0.0,1118.0,4529.0,0.0,0.0,5796.0,5605.0
Earnings before Tax,540893.0,-1134394.0,-1011062.0,-838531.0,-1595455.0,-1411719.0,0.0,742530.0,312213.0,-294843.0
Income Tax Expense,-332332.0,0.0,298138.0,0.0,0.0,229451.0,0.0,105610.0,-493000.0,0.0
Net Income - Non-Controlling int,0.0,0.0,0.0,0.0,0.0,0.0,0.0,0.0,0.0,0.0
Net Income - Discontinued ops,0.0,0.0,0.0,0.0,0.0,0.0,0.0,0.0,0.0,0.0
Net Income,873225.0,-1134394.0,-1309200.0,-838531.0,-1595455.0,-1641170.0,0.0,636920.0,805213.0,-294843.0
Preferred Dividends,48649.0,48649.0,48649.0,48649.0,48649.0,48649.0,0.0,0.0,48648.0,48649.0
Net Income Com,873225.0,-1134394.0,-1309200.0,-838531.0,-1595455.0,-1641170.0,0.0,636920.0,756565.0,-343492.0
EPS,0.01,-0.02,-0.02,-0.01,-0.03,-0.03,0.0,0.01,0.01,-0.01
EPS Diluted,0.01,-0.02,-0.02,-0.01,-0.03,-0.03,0.0,0.01,0.01,-0.01
Weighted Average Shs Out,67978132.0,67413025.0,66781757.0,66207241.0,64605253.0,62281449.0,0.0,58855348.0,54885435.0,51687091.0
Weighted Average Shs Out (Dil),68097924.0,67413025.0,66781757.0,66207241.0,64605253.0,62281449.0,0.0,68136200.0,54356693.0,49855229.0
Dividend per Share,0.0,0.0,0.0,0.0,0.0,0.0,0.0,0.0,0.0,0.0
Gross Margin,0.000170791584126,0.0157771600291,0.0451341385106,-0.0314562442315,-0.0315015736816,-0.0037175061876,0.0,0.127625134452,0.1514,0.0899
EBITDA Margin,0.170002489373,0.0100331594066,0.0213458467881,0.00944305222907,-0.0716759411641,-0.0589277812041,0.0,0.0988922167785,0.074,-0.007
EBIT Margin,0.0605503208126,-0.093812420711,-0.0686722228133,-0.0617130837486,-0.144157196604,-0.121421991032,0.0,0.067961951778,0.035,-0.0705
Profit Margin,0.0966555288711,-0.110889192528,-0.1101080854,-0.0639660392175,-0.148108667205,-0.148915294848,0.0,0.0485527999884,0.083,-0.084
Free Cash Flow margin,-0.172202856127,0.0343269555418,-0.0142977350552,-0.103042466311,-0.265770235065,-0.226747189345,0.0,-0.127681240181,-0.0725,-0.2329
EBITDA,1535871.0,102639.0,253805.0,123789.0,-772107.0,-649433.0,0.0,1297277.0,673885.0,-26786.0
EBIT,547036.0,-959699.0,-816522.0,-808997.0,-1552889.0,-1338171.0,0.0,891531.0,318009.0,-289238.0
Consolidated Income,873225.0,-1134394.0,-1309200.0,-838531.0,-1595455.0,-1641170.0,0.0,636920.0,805213.0,-294843.0
Earnings Before Tax Margin,0.0598703644281,-0.110889192528,-0.085033685488,-0.0639660392175,-0.148108667205,-0.128095536189,0.0,0.0566035146885,0.0344,-0.0719
Net Profit Margin,0.0966555288711,-0.110889192528,-0.1101080854,-0.0639660392175,-0.148108667205,-0.148915294848,0.0,0.0485527999884,0.0887,-0.0719
