Date,2018-10-31,2017-10-31,2016-10-31,2015-10-31,2014-10-31,2013-10-31,2012-10-31,2011-10-31,2010-10-31,2009-10-31
Revenue,135352000.0,123560000.0,116792000.0,115312000.0,102328000.0,95203000.0,90395000.0,89459000.0,85149000.0,82727000.0
Revenue Growth,0.0954,0.0579,0.0128,0.1269,0.0748,0.0532,0.0105,0.0506,0.0293,0.0231
Cost of Revenue,43176000.0,39695000.0,37265000.0,39491000.0,35923000.0,32995000.0,29314000.0,29272000.0,27308000.0,26328000.0
Gross Profit,92176000.0,83865000.0,79527000.0,75821000.0,66405000.0,62208000.0,61081000.0,60187000.0,57841000.0,56399000.0
R&D Expenses,0.0,0.0,0.0,0.0,0.0,0.0,0.0,0.0,0.0,0.0
SG&A Expense,9567000.0,9504000.0,9602000.0,8906000.0,8330000.0,8548000.0,7807000.0,7782000.0,7186000.0,6642000.0
Operating Expenses,38750000.0,36599000.0,34200000.0,34680000.0,29162000.0,28132000.0,25405000.0,23083000.0,22559000.0,22008000.0
Operating Income,53426000.0,47266000.0,45327000.0,41141000.0,37243000.0,34076000.0,35676000.0,37104000.0,35282000.0,34391000.0
Interest Expense,13678000.0,12981000.0,12983000.0,13475000.0,10235000.0,9094000.0,9148000.0,7865000.0,7585000.0,6695000.0
Earnings before Tax,37467000.0,52933000.0,33716000.0,49264000.0,65151000.0,29795000.0,28260000.0,31643000.0,27542000.0,27743000.0
Income Tax Expense,0.0,0.0,0.0,0.0,0.0,0.0,0.0,0.0,0.0,0.0
Net Income - Non-Controlling int,4716000.0,2499000.0,889000.0,948000.0,607000.0,618000.0,500000.0,306000.0,307000.0,459000.0
Net Income - Discontinued ops,0.0,0.0,0.0,0.0,-12667000.0,-1308000.0,-1478000.0,-1466000.0,0.0,0.0
Net Income,37467000.0,52933000.0,33716000.0,49264000.0,65151000.0,29795000.0,28260000.0,31643000.0,27542000.0,27743000.0
Preferred Dividends,12250000.0,19035000.0,14280000.0,14605000.0,15682000.0,19182000.0,15294000.0,13094000.0,13094000.0,13094000.0
Net Income Com,25217000.0,33898000.0,19436000.0,34659000.0,49469000.0,10613000.0,12966000.0,18549000.0,14448000.0,14649000.0
EPS,0.61,0.82,0.5,0.92,1.46,0.32,0.43,0.62,0.53,0.55
EPS Diluted,0.6,0.8,0.49,0.9,1.42,0.31,0.41,0.6,0.52,0.54
Weighted Average Shs Out,39634438.0,39395292.0,39139008.0,35869509.0,32802086.0,32562642.0,29812068.0,29558695.0,26764682.0,26453183.0
Weighted Average Shs Out (Dil),39634438.0,39395292.0,39139008.0,35869509.0,32802086.0,32562642.0,29812068.0,29558695.0,26764682.0,26453183.0
Dividend per Share,1.08,1.325,1.04,1.02,1.012,1.0,0.988,0.98,0.968,0.96
Gross Margin,0.681,0.6787,0.6809,0.6575,0.6489,0.6534,0.6757,0.6728,0.6793,0.6817
EBITDA Margin,0.587,0.748,0.597,0.739,0.925,0.595,0.599,0.613,0.589,0.602
EBIT Margin,0.3779,0.5335,0.3998,0.5441,0.7367,0.4085,0.4138,0.4416,0.4125,0.4163
Profit Margin,0.186,0.274,0.166,0.301,0.483,0.111,0.143,0.207,0.17,0.177
Free Cash Flow margin,0.41,0.5499,-0.0542,-0.4483,0.0123,0.028,0.4624,0.1546,0.2127,0.5033
EBITDA,79469000.0,92426000.0,69724000.0,85174000.0,94635000.0,56658000.0,54129000.0,54800000.0,50193000.0,49804000.0
EBIT,51145000.0,65914000.0,46699000.0,62739000.0,75386000.0,38889000.0,37408000.0,39508000.0,35127000.0,34438000.0
Consolidated Income,42183000.0,55432000.0,34605000.0,50212000.0,65758000.0,30413000.0,28760000.0,31949000.0,27849000.0,28202000.0
Earnings Before Tax Margin,0.2768,0.4284,0.2887,0.4272,0.6367,0.313,0.3126,0.3537,0.3235,0.3354
Net Profit Margin,0.2768,0.4284,0.2887,0.4272,0.6367,0.313,0.3126,0.3537,0.3235,0.3354
