Date,2018-12-31,2017-12-31,2016-12-31,2015-12-31,2014-12-31,2013-12-31,2012-12-31,2011-12-31,2010-12-31,2009-12-31
Revenue,76210000.0,72348000.0,67081000.0,63950000.0,59786000.0,54280000.0,53950000.0,29494000.0,28878000.0,31914000.0
Revenue Growth,0.0533808812959584,0.078517016740955,0.0489601250977326,0.069648412671863,0.101436993367723,0.00611677479147359,0.829185597070591,0.0213311171133735,-0.0951306636585824,0.0935
Cost of Revenue,38759000.0,38863000.0,36102000.0,25161000.0,23857000.0,21325000.0,23015000.0,15186000.0,0.0,0.0
Gross Profit,37451000.0,33485000.0,30979000.0,38789000.0,35929000.0,32955000.0,30935000.0,14308000.0,28878000.0,31914000.0
R&D Expenses,0.0,0.0,0.0,0.0,0.0,0.0,0.0,0.0,0.0,0.0
SG&A Expense,0.0,0.0,0.0,0.0,0.0,0.0,0.0,0.0,5439000.0,5977000.0
Operating Expenses,10746000.0,9448000.0,8865000.0,18152000.0,16882000.0,14409000.0,14575000.0,5581000.0,13577000.0,13982000.0
Operating Income,26705000.0,24037000.0,22114000.0,20637000.0,19047000.0,18546000.0,16360000.0,8727000.0,15301000.0,17932000.0
Interest Expense,0.0,0.0,0.0,8224000.0,8376000.0,7472000.0,7768000.0,2402000.0,1939000.0,2448000.0
Earnings before Tax,24184000.0,45658000.0,17414000.0,23685000.0,51520000.0,13112000.0,0.0,73794000.0,16310000.0,18576000.0
Income Tax Expense,0.0,0.0,0.0,0.0,0.0,0.0,0.0,0.0,0.0,0.0
Net Income - Non-Controlling int,0.0,0.0,0.0,0.0,0.0,0.0,0.0,0.0,0.0,0.0
Net Income - Discontinued ops,0.0,0.0,0.0,0.0,0.0,0.0,0.0,0.0,0.0,0.0
Net Income,24196000.0,45619000.0,17215000.0,23691000.0,51551000.0,13169000.0,19477000.0,73794000.0,16310000.0,18576000.0
Preferred Dividends,0.0,0.0,0.0,0.0,0.0,0.0,0.0,0.0,0.0,0.0
Net Income Com,24196000.0,45619000.0,17215000.0,23691000.0,51551000.0,13169000.0,19477000.0,73794000.0,16310000.0,18576000.0
EPS,1.76,3.35,1.28,1.78,3.99,1.04,1.54,5.84,1.33,1.56
EPS Diluted,1.76,3.35,1.28,1.78,3.99,1.04,1.54,5.83,1.33,1.56
Weighted Average Shs Out,13722.0,13625000.0,13464000.0,13293000.0,12927000.0,12689000.0,12661000.0,12644000.0,12492829.0,11901119.0
Weighted Average Shs Out (Dil),13722.0,13625000.0,13468000.0,13301000.0,12934000.0,12701000.0,12669000.0,12649000.0,12259000.0,11891000.0
Dividend per Share,2684.08395278,2.64616513761,2.608999109,2.56289000827,2.52961187568,2.49988189906,2.46230957455,2.42730650644,2.43,2.39
Gross Margin,0.491418449022,0.462832421076,0.461814820888,0.606551993745,0.600960090991,0.607129697863,0.573401297498,0.485115616736,1.0,1.0
EBITDA Margin,0.674688361107,0.677129982861,0.669295329527,0.66630179828,0.664202321614,0.68084008843,0.66578313253,0.54360208856,0.85,0.859
EBIT Margin,0.350413331584,0.332241388843,0.329661155916,0.322705238468,0.318586291105,0.341672807664,0.303243744208,0.295890689632,0.6319,0.6588
Profit Margin,0.317491142895,0.630549565987,0.256630044275,0.370461297889,0.862258722778,0.242612380251,0.361019462465,2.50200040686,0.565,0.582
Free Cash Flow margin,0.510103660937,0.510933266987,-0.293018887613,0.33483971853,0.548556518248,0.576529108327,0.570583873957,0.724621957008,0.7646,0.5666
EBITDA,51418000.0,48989000.0,44897000.0,42610000.0,39710000.0,36956000.0,35919000.0,16033000.0,24535000.0,27423000.0
EBIT,26705000.0,24037000.0,22114000.0,20637000.0,19047000.0,18546000.0,16360000.0,8727000.0,18249000.0,21024000.0
Consolidated Income,24196000.0,45619000.0,17215000.0,23691000.0,51551000.0,13169000.0,19477000.0,73794000.0,16310000.0,18576000.0
Earnings Before Tax Margin,0.317333683244,0.631088627191,0.259596607087,0.37036747459,0.861740206737,0.241562269713,0.0,2.50200040686,0.5648,0.5821
Net Profit Margin,0.317491142895,0.630549565987,0.256630044275,0.370461297889,0.862258722778,0.242612380251,0.361019462465,2.50200040686,0.5648,0.5821
