Date,2018-12-31,2017-12-31,2016-12-31,2015-12-31,2014-12-31,2013-12-31,2012-12-31,2011-12-31,2010-12-31,2009-12-31
Revenue,129586693.0,112647919.0,99213829.0,81516671.0,71431933.0,62205107.0,46827764.0,39313354.0,34010964.0,32019252.0
Revenue Growth,0.1504,0.1354,0.2171,0.1412,0.1483,0.3284,0.1911,0.1559,0.0622,-0.0879
Cost of Revenue,64664497.0,56317755.0,49104853.0,42107812.0,39424867.0,36345330.0,28467964.0,23506295.0,20592671.0,18261516.0
Gross Profit,64922196.0,56330164.0,50108976.0,39408859.0,32007066.0,25859777.0,18359800.0,15807059.0,13418293.0,13757736.0
R&D Expenses,0.0,0.0,0.0,0.0,0.0,0.0,0.0,0.0,0.0,0.0
SG&A Expense,14653844.0,12740836.0,10857330.0,10134004.0,9449349.0,8527058.0,7527217.0,5958943.0,4713568.0,4314422.0
Operating Expenses,46345053.0,40298582.0,34150661.0,29968734.0,25096291.0,21664324.0,15746544.0,13291445.0,9928175.0,8396546.0
Operating Income,18577143.0,16031582.0,15958315.0,9440125.0,6910775.0,4195453.0,2613256.0,2515614.0,3490118.0,5361190.0
Interest Expense,16038585.0,15876972.0,15432364.0,14074446.0,10716722.0,7849835.0,5803172.0,5744567.0,5183296.0,4455332.0
Earnings before Tax,-36215571.0,12668034.0,11534559.0,2144205.0,4237803.0,5836823.0,6474057.0,3696263.0,6668915.0,3689388.0
Income Tax Expense,0.0,0.0,0.0,0.0,0.0,0.0,0.0,0.0,0.0,0.0
Net Income - Non-Controlling int,0.0,0.0,0.0,0.0,0.0,0.0,0.0,0.0,0.0,0.0
Net Income - Discontinued ops,0.0,0.0,0.0,0.0,0.0,0.0,0.0,0.0,0.0,0.0
Net Income,-36215571.0,12668034.0,11534559.0,2144205.0,4237803.0,5836823.0,6474057.0,3696263.0,6668915.0,3689388.0
Preferred Dividends,20315945.0,20347300.0,14103433.0,8267198.0,7556588.0,7556588.0,4724718.0,1656766.0,0.0,0.0
Net Income Com,-56531515.0,-7679265.0,-2568873.0,-6122993.0,-3318785.0,-1719765.0,1749339.0,2039497.0,6668915.0,3689388.0
EPS,-1.53,-0.24,-0.1,-0.24,-0.15,-0.09,0.11,0.14,0.52,0.32
EPS Diluted,-1.53,-0.24,-0.1,-0.24,-0.15,-0.09,0.11,0.14,0.52,0.32
Weighted Average Shs Out,37665514.0,34926759.0,28669306.0,27011797.0,23623866.0,19935975.0,16781876.0,14902834.0,13300542.0,11787366.0
Weighted Average Shs Out (Dil),36871322.0,32675650.0,27808895.0,25932626.0,22496103.0,18724321.0,16197339.0,14506679.0,12767904.0,11412536.0
Dividend per Share,0.72,0.72,0.72,0.72,0.72,0.72,0.72,0.72,0.72,0.72
Gross Margin,0.501,0.5001,0.5051,0.4834,0.4481,0.4157,0.3921,0.4021,0.3945,0.4297
EBITDA Margin,0.089,0.498,0.506,0.431,0.422,0.408,0.419,0.392,0.481,0.382
EBIT Margin,-0.1557,0.2534,0.2718,0.199,0.2094,0.22,0.2622,0.2401,0.3485,0.2544
Profit Margin,-0.436,-0.068,-0.026,-0.075,-0.046,-0.028,0.037,0.052,0.196,0.115
Free Cash Flow margin,-0.6107,-0.7493,-0.3596,-1.2829,-0.4607,-1.5394,-1.1129,-0.3947,-1.1363,0.2259
EBITDA,11514223.0,56102752.0,50181023.0,35096162.0,30117945.0,25368382.0,19634387.0,15403168.0,16368237.0,12226844.0
EBIT,-20176986.0,28545006.0,26966923.0,16218651.0,14954525.0,13686658.0,12277229.0,9440830.0,11852211.0,8144720.0
Consolidated Income,-36215571.0,12668034.0,11534559.0,2144205.0,4237803.0,5836823.0,6474057.0,3696263.0,6668915.0,3689388.0
Earnings Before Tax Margin,-0.2795,0.1125,0.1163,0.0263,0.0593,0.0938,0.1383,0.094,0.1961,0.1152
Net Profit Margin,-0.2795,0.1125,0.1163,0.0263,0.0593,0.0938,0.1383,0.094,0.1961,0.1152
