date,,2020-12-31_FY,2019-12-31_FY,2018-12-31_FY,2017-12-31_FY,2016-12-31_FY,2015-12-31_FY,2014-12-31_FY,2013-12-31_FY,2012-12-31_FY,2011-12-31_FY,2010-12-31_FY,2009-12-31_FY,2008-12-31_FY,2007-12-31_FY
,revenue,0.0,-73578735.0,114859425.0,-187008870.0,104831800.0,-237425350.0,-168876810.0,167307660.0,-274882970.0,-813600000.0,-1493700000.0,-1553400000.0,-485200000.0,-11500000.0
,costOfRevenue,0.0,0.0,0.0,0.0,5264670.0,6016990.0,6338660.0,8137950.0,9654340.0,14800000.0,22300000.0,25600000.0,5200000.0,1600000.0
,grossProfit,0.0,-73578735.0,114859425.0,-187008870.0,99567130.0,-243442340.0,-175215470.0,159169710.0,-284537310.0,-828400000.0,-1516100000.0,-1578900000.0,-490400000.0,-13100000.0
,grossProfitRatio,0.0,1.0,1.0,1.0,0.94977983779731,1.02534266033513,1.0375342239115,0.951359369917671,1.03512163740082,1.01819075712881,1.01499631786838,1.01641560448049,1.01071723000824,1.13913043478261
,,,,,,,,,,,,,,,,,,,,,,,,,,,,,,,,,,,,,,,,,,,,,,,,,,,,,,,,,,,,,,,,,,,,,,,,,,,,,,,,,,,,,,,,,,,,,,,,,,,,,
COST And EXPENSES,,,,,,,,,,,,,,,,,,,,,,,,,,,,,,,,,,,,,,,,,,,,,,,,,,,,,,,,,,,,,,,,,,,,,,,,,,,,,,,,,,,,,,,,,,,,,,,,,,,,,
,ResearchAndDevelopmentExpenses,0.0,0.0,0.0,0.0,0.0,0.0,0.0,0.0,0.0,0.0,0.0,0.0,0.0,0.0
,GeneralAndAdministrativeExpenses,0.0,1820281.0,2259093.0,0.0,834950.0,1698680.0,1935010.0,2069840.0,1628810.0,2800000.0,3500000.0,5800000.0,1800000.0,500000.0
,SellingAndMarketingExpenses,0.0,0.0,0.0,0.0,0.0,0.0,0.0,0.0,0.0,0.0,0.0,0.0,0.0,0.0
,otherExpenses,0.0,2218238.0,2562870.0,6435105.0,6099614.0,7715669.0,8273668.0,10207795.0,11283153.0,17555025.0,25840245.0,0.0,0.0,0.0
,operatingExpenses,0.0,4038519.0,4821963.0,6435105.0,834940.0,1698680.0,1935010.0,2069850.0,1628810.0,2800000.0,3500000.0,5800000.0,1800000.0,400000.0
,costAndExpenses,0.0,4038519.0,4821963.0,6435105.0,6099610.0,7715670.0,8273670.0,10207800.0,11283150.0,17600000.0,25800000.0,31400000.0,7000000.0,2000000.0
,interestExpense,0.0,0.0,0.0,0.0,0.0,0.0,0.0,0.0,0.0,0.0,0.0,0.0,0.0,0.0
,,,,,,,,,,,,,,,,,,,,,,,,,,,,,,,,,,,,,,,,,,,,,,,,,,,,,,,,,,,,,,,,,,,,,,,,,,,,,,,,,,,,,,,,,,,,,,,,,,,,,
EBITDA,,,,,,,,,,,,,,,,,,,,,,,,,,,,,,,,,,,,,,,,,,,,,,,,,,,,,,,,,,,,,,,,,,,,,,,,,,,,,,,,,,,,,,,,,,,,,,,,,,,,,
,depreciationAndAmortization,0.0,0.0,0.0,0.0,0.0,0.0,0.0,0.0,0.0,0.0,0.0,0.0,0.0,0.0
,EBITDA,-202815769.0,-77617254.0,110037462.0,-193443975.0,98732180.0,-245141020.0,-177150480.0,157099870.0,-286166120.0,-831200000.0,-1519600000.0,-1584800000.0,-492200000.0,-13600000.0
,EBITDARatio,0.0,1.05488704039,0.958018569221,1.034410694,0.941815,1.032497,1.048992,0.938988,1.041047,1.021632,1.017339,1.020214,1.014427,1.182609
,,,,,,,,,,,,,,,,,,,,,,,,,,,,,,,,,,,,,,,,,,,,,,,,,,,,,,,,,,,,,,,,,,,,,,,,,,,,,,,,,,,,,,,,,,,,,,,,,,,,,
INCOME,,,,,,,,,,,,,,,,,,,,,,,,,,,,,,,,,,,,,,,,,,,,,,,,,,,,,,,,,,,,,,,,,,,,,,,,,,,,,,,,,,,,,,,,,,,,,,,,,,,,,
,operatingIncome,-202815769.0,-77617254.0,110037462.0,-193443975.0,98732190.0,-245141020.0,-177150480.0,157099860.0,-286166120.0,-831200000.0,-1519600000.0,-1584800000.0,-492200000.0,-13600000.0
,operatingIncomeRatio,0.0,1.05488704039285,0.958018569220593,1.03441069399542,0.941815269794089,1.03249724597647,1.04899233944554,0.938987850287309,1.0410471045187,1.02163225172075,1.01733949253531,1.02021372473284,1.01442704039571,1.18260869565217
,totalOtherIncomeExpensesNet,0.0,0.0,0.0,0.0,0.0,0.0,0.0,0.0,0.0,0.0,0.0,0.0,0.0,0.0
,incomeBeforeTax,-202815769.0,-77617254.0,110037462.0,-193443975.0,98732180.0,-245141020.0,-177150480.0,157099870.0,-286166120.0,-831200000.0,-1519600000.0,-1584800000.0,-492200000.0,-13600000.0
,incomeBeforeTaxRatio,0.0,1.05488704039285,0.958018569220593,1.03441069399542,0.941815174403187,1.03249724597647,1.04899233944554,0.938987910057436,1.0410471045187,1.02163225172075,1.01733949253531,1.02021372473284,1.01442704039571,1.18260869565217
,incomeTaxExpense,0.0,0.0,0.0,0.0,0.0,0.0,0.0,0.0,0.0,0.0,0.0,0.0,0.0,0.0
,netIncome,-202815769.0,-77617254.0,110037462.0,-193443975.0,98732180.0,-245141020.0,-177150480.0,157099870.0,-286166120.0,-831200000.0,-1519600000.0,-1584800000.0,-492200000.0,-13600000.0
,netIncomeRatio,0.0,1.05488704039285,0.958018569220593,1.03441069399542,0.941815174403187,1.03249724597647,1.04899233944554,0.938987910057436,1.0410471045187,1.02163225172075,1.01733949253531,1.02021372473284,1.01442704039571,1.18260869565217
,,,,,,,,,,,,,,,,,,,,,,,,,,,,,,,,,,,,,,,,,,,,,,,,,,,,,,,,,,,,,,,,,,,,,,,,,,,,,,,,,,,,,,,,,,,,,,,,,,,,,
EPS,,,,,,,,,,,,,,,,,,,,,,,,,,,,,,,,,,,,,,,,,,,,,,,,,,,,,,,,,,,,,,,,,,,,,,,,,,,,,,,,,,,,,,,,,,,,,,,,,,,,,
,EPS,-202815769.0,-5.3895,6.72604,-10.53842,5.60345,-19.93131,-22.04047,12.85267,-21.57873,-75.56364,-118.71875,-220.11111,-820.33333,-68.0
,EPSDiluted,-202815769.0,-5.3895,6.72604,-10.53842,5.60345,-19.93131,-22.04047,12.85267,-21.57873,-75.56364,-118.71875,-220.11111,-820.33333,-68.0
,weightedAverageShsOut,1.0,14401574.0,16359928.0,18356071.0,17619900.0,12299290.0,8037510.0,12223130.0,13261490.0,11000000.0,12800000.0,7200000.0,600000.0,200000.0
,weightedAverageShsOutDil,1.0,14401574.0,16359928.0,18356071.0,17619900.0,12299290.0,8037510.0,12223130.0,13261490.0,11000000.0,12800000.0,7200000.0,600000.0,200000.0
