Date,2018-12-31,2017-12-31,2016-12-31,2015-12-31,2014-12-31,2013-12-31,2012-12-31,2011-12-31,2010-12-31,2009-12-31
Revenue,439098000.0,440041000.0,456219000.0,450861000.0,441387000.0,448700000.0,424573000.0,364297000.0,279292000.0,271877000.0
Revenue Growth,-0.0021,-0.0355,0.0119,0.0215,-0.0163,0.0568,0.1655,0.3044,0.0273,-0.1326
Cost of Revenue,125364000.0,130417000.0,134000000.0,134410000.0,141689000.0,138021000.0,135974000.0,115106000.0,74644000.0,75436000.0
Gross Profit,313734000.0,309624000.0,322219000.0,316451000.0,299698000.0,310679000.0,288599000.0,249191000.0,204648000.0,196441000.0
R&D Expenses,0.0,0.0,0.0,0.0,0.0,0.0,0.0,0.0,0.0,0.0
SG&A Expense,185649000.0,193741000.0,198541000.0,203718000.0,185711000.0,184961000.0,178300000.0,164363000.0,136014000.0,115610000.0
Operating Expenses,240094000.0,256905000.0,234075000.0,280284000.0,222533000.0,237711000.0,217390000.0,223836000.0,189462000.0,202511000.0
Operating Income,73640000.0,52719000.0,88144000.0,36167000.0,77165000.0,72968000.0,71209000.0,25355000.0,15186000.0,-6070000.0
Interest Expense,76667000.0,79420000.0,81636000.0,80038000.0,79810000.0,89196000.0,90797000.0,88120000.0,46834000.0,38404000.0
Earnings before Tax,2243000.0,-11276000.0,9157000.0,-58964000.0,-27856000.0,-33262000.0,-33630000.0,69575000.0,-24662000.0,-45873000.0
Income Tax Expense,-138758000.0,-123163000.0,9580000.0,15058000.0,34814000.0,28719000.0,33235000.0,66686000.0,3971000.0,7014000.0
Net Income - Non-Controlling int,1163000.0,575000.0,1139000.0,7888000.0,19930000.0,18471000.0,12749000.0,10014000.0,2008000.0,4329000.0
Net Income - Discontinued ops,0.0,0.0,0.0,0.0,0.0,-885000.0,184000.0,99000.0,276000.0,1984000.0
Net Income,141001000.0,111887000.0,-423000.0,-74022000.0,-62670000.0,-61981000.0,-66865000.0,2889000.0,-28633000.0,-52887000.0
Preferred Dividends,0.0,0.0,0.0,0.0,0.0,0.0,0.0,0.0,0.0,0.0
Net Income Com,141001000.0,111887000.0,-423000.0,-74022000.0,-62670000.0,-61981000.0,-66865000.0,2889000.0,-28633000.0,-52887000.0
EPS,3.09,2.37,-0.01,-1.54,-1.32,-1.28,-1.34,0.06,-0.56,-0.89
EPS Diluted,2.94,2.25,-0.01,-1.54,-1.32,-1.28,-1.34,0.06,-0.56,-0.89
Weighted Average Shs Out,47000656.0,48487902.0,48563322.0,49891297.0,50142910.0,47570820.0,50124418.0,50635854.0,54262885.0,54727085.0
Weighted Average Shs Out (Dil),45647696.0,47169682.0,47924609.0,48027888.0,47525726.0,48370195.0,50015252.0,50739447.0,51509239.0,59465252.0
Dividend per Share,0.0,0.0,0.0,0.0,0.0,0.0,0.0,0.0,0.0,0.0
Gross Margin,0.7145,0.7036,0.7063,0.7019,0.679,0.6924,0.6797,0.684,0.7327,0.7225
EBITDA Margin,0.255,0.232,0.274,0.125,0.201,0.209,0.226,0.535,0.142,0.05
EBIT Margin,0.1797,0.1549,0.199,0.0467,0.1177,0.1247,0.1346,0.4329,0.0794,-0.0275
Profit Margin,0.321,0.254,-0.001,-0.164,-0.142,-0.138,-0.157,0.008,-0.103,-0.195
Free Cash Flow margin,0.1043,0.036,0.0944,0.0763,0.1096,0.062,0.0776,0.0608,0.0472,0.1492
EBITDA,112099000.0,102160000.0,125040000.0,56429000.0,88776000.0,93804000.0,95944000.0,194837000.0,39557000.0,13495000.0
EBIT,78910000.0,68144000.0,90793000.0,21074000.0,51954000.0,55934000.0,57167000.0,157695000.0,22172000.0,-7469000.0
Consolidated Income,142164000.0,112462000.0,716000.0,-66134000.0,-42740000.0,-43510000.0,-54116000.0,12903000.0,-26625000.0,-48558000.0
Earnings Before Tax Margin,0.0051,-0.0256,0.0201,-0.1308,-0.0631,-0.0741,-0.0792,0.191,-0.0883,-0.1687
Net Profit Margin,0.3211,0.2543,-0.0009,-0.1642,-0.142,-0.1381,-0.1575,0.0079,-0.1025,-0.1945
