Date,2018-12-31,2017-12-31,2016-12-31,2015-12-31,2014-12-31,2013-12-31,2012-12-31,2011-12-31,2010-12-31,2009-12-31
Revenue,453911000.0,414051000.0,356546000.0,331302000.0,305074000.0,264058000.0,0.0,0.0,211233000.0,201409000.0
Revenue Growth,0.0962683340941092,0.161283537047113,0.0761963404990009,0.0859725837010037,0.155329510940778,0.0,0.0,-1,0.0487763704700386,0.0731
Cost of Revenue,51671000.0,50478000.0,43560000.0,41360000.0,65490000.0,54774000.0,0.0,0.0,155220000.0,149678000.0
Gross Profit,402240000.0,363573000.0,312986000.0,289942000.0,239584000.0,209284000.0,0.0,0.0,56013000.0,51731000.0
R&D Expenses,0.0,0.0,0.0,0.0,0.0,0.0,0.0,0.0,0.0,0.0
SG&A Expense,41349000.0,35889000.0,32479000.0,31067000.0,163417000.0,141840000.0,0.0,0.0,22823000.0,23479000.0
Operating Expenses,300577000.0,272956000.0,230974000.0,211581000.0,163417000.0,144583000.0,0.0,0.0,22823000.0,23479000.0
Operating Income,60314000.0,54728000.0,49533000.0,47294000.0,45768000.0,38770000.0,0.0,0.0,33190000.0,28252000.0
Interest Expense,2042000.0,21060000.0,11478000.0,1031000.0,1088000.0,538000.0,0.0,0.0,236000.0,352000.0
Earnings before Tax,60211000.0,33756000.0,38148000.0,46344000.0,44698000.0,38239000.0,0.0,0.0,24485000.0,19701000.0
Income Tax Expense,11369000.0,6032000.0,11880000.0,14653000.0,14274000.0,12236000.0,7296000.0,0.0,8840000.0,7934000.0
Net Income - Non-Controlling int,0.0,0.0,0.0,0.0,0.0,0.0,0.0,0.0,9055000.0,8207000.0
Net Income - Discontinued ops,0.0,0.0,0.0,0.0,0.0,0.0,0.0,0.0,0.0,0.0
Net Income,34873000.0,22256000.0,20551000.0,22279000.0,20853000.0,12723000.0,0.0,0.0,15645000.0,11767000.0
Preferred Dividends,0.0,0.0,0.0,0.0,0.0,0.0,0.0,0.0,0.0,0.0
Net Income Com,34873000.0,22256000.0,20551000.0,22279000.0,20853000.0,12723000.0,0.0,0.0,15645000.0,11767000.0
EPS,1.31,1.76,1.64,1.77,1.62,1.05,0.0,0.0,1.34,1.01
EPS Diluted,1.31,1.76,1.64,1.77,1.62,1.05,0.0,0.0,1.32,1.0
Weighted Average Shs Out,12666000.0,12570000.0,12500000.0,12392000.0,12217000.0,12063000.0,0.0,0.0,11641288.0,11615233.0
Weighted Average Shs Out (Dil),12666000.0,12570000.0,12500000.0,12392000.0,12221000.0,12082000.0,0.0,0.0,11638000.0,11703000.0
Dividend per Share,0.920890573188,0.800795544948,0.6808,0.601113621691,0.480566238442,0.400430392319,0.0,0.0,0.0,0.0
Gross Margin,0.88616490898,0.878087481977,0.877827825863,0.875159220288,0.785330772206,0.792568299389,0.0,0.0,0.2652,0.2568
EBITDA Margin,0.15436726583,0.155628171409,0.163546919612,0.166754200095,0.17211561785,0.16788735808,0.0,0.0,0.144,0.129
EBIT Margin,0.132876268696,0.132176954047,0.138924570743,0.142751930263,0.150022617463,0.146823803861,0.0,0.0,0.117,0.0996
Profit Margin,0.0768278362939,0.0537518325037,0.0576391265082,0.0672468020115,0.0683539075765,0.0481825962478,0.0,0.0,0.074,0.058
Free Cash Flow margin,0.144988775333,0.119383844019,0.120012564999,0.105583425394,0.131204232416,0.152080224799,0.0,0.0,0.1271,0.1344
EBITDA,70069000.0,64438000.0,58312000.0,55246000.0,52508000.0,44332000.0,0.0,0.0,30388000.0,25950000.0
EBIT,60314000.0,54728000.0,49533000.0,47294000.0,45768000.0,38770000.0,0.0,0.0,24721000.0,20053000.0
Consolidated Income,34873000.0,22256000.0,20551000.0,22279000.0,20853000.0,12723000.0,0.0,0.0,24700000.0,19974000.0
Earnings Before Tax Margin,0.132649351965,0.0815261888028,0.106993207048,0.139884455874,0.146515271705,0.144812882018,0.0,0.0,0.1159,0.0978
Net Profit Margin,0.0768278362939,0.0537518325037,0.0576391265082,0.0672468020115,0.0683539075765,0.0481825962478,0.0,0.0,0.0741,0.0584
