date,,2019-12-31_FY,2018-12-31_FY,2017-12-31_FY,2016-12-31_FY,2015-12-31_FY,2014-12-31_FY,2013-12-31_FY,2012-12-31_FY,2012-03-31_FY,2011-12-31_FY,2010-12-31_FY
,revenue,1237234000.0,1257867000.0,1252285000.0,1454823000.0,1556017000.0,1579257000.0,240496000.0,16822000.0,0.0,3175000.0,0.0
,costOfRevenue,129769000.0,126461000.0,128717000.0,167602000.0,147050000.0,203969000.0,19890000.0,1098000.0,0.0,153000.0,0.0
,grossProfit,1107465000.0,1131406000.0,1123568000.0,1287221000.0,1408967000.0,1375288000.0,220606000.0,15724000.0,0.0,3022000.0,0.0
,grossProfitRatio,0.895113616340967,0.899463933786322,0.897214292273724,0.884795607438156,0.905495891111729,0.870844960636552,0.917295921761693,0.934728331946261,0.0,0.951811023622047,0.0
,,,,,,,,,,,,,,,,,,,,,,,,,,,,,,,,,,,,,,,,,,,,,,,,,,,,,,,,,,,,,,,,,,,,,,,,,,,,,,,,,,,,,,,,,,,,,,,,,,,,,
COST And EXPENSES,,,,,,,,,,,,,,,,,,,,,,,,,,,,,,,,,,,,,,,,,,,,,,,,,,,,,,,,,,,,,,,,,,,,,,,,,,,,,,,,,,,,,,,,,,,,,,,,,,,,,
,ResearchAndDevelopmentExpenses,0.0,0.0,0.0,0.0,0.0,0.0,0.0,0.0,0.0,0.0,0.0
,GeneralAndAdministrativeExpenses,132881000.0,124218000.0,108458000.0,161126000.0,196012000.0,214614000.0,47247000.0,2261000.0,0.0,440000.0,0.0
,SellingAndMarketingExpenses,0.0,0.0,0.0,0.0,0.0,0.0,0.0,0.0,0.0,0.0,0.0
,otherExpenses,12971000.0,14735000.0,6141000.0,6035000.0,8737000.0,123529000.0,569000.0,2000.0,0.0,0.0,0.0
,operatingExpenses,614876000.0,764836000.0,815260000.0,949312000.0,1043623000.0,1130617000.0,204218000.0,11583000.0,0.0,2052000.0,0.0
,costAndExpenses,744645000.0,891297000.0,943977000.0,1116914000.0,1190673000.0,1334586000.0,224108000.0,12681000.0,0.0,2205000.0,0.0
,interestExpense,278574000.0,280887000.0,289766000.0,317376000.0,358392000.0,452648000.0,80800000.0,4356000.0,0.0,924000.0,0.0
,,,,,,,,,,,,,,,,,,,,,,,,,,,,,,,,,,,,,,,,,,,,,,,,,,,,,,,,,,,,,,,,,,,,,,,,,,,,,,,,,,,,,,,,,,,,,,,,,,,,,
EBITDA,,,,,,,,,,,,,,,,,,,,,,,,,,,,,,,,,,,,,,,,,,,,,,,,,,,,,,,,,,,,,,,,,,,,,,,,,,,,,,,,,,,,,,,,,,,,,,,,,,,,,
,depreciationAndAmortization,481995000.0,640618000.0,706802000.0,788186000.0,847611000.0,916003000.0,156971000.0,9322000.0,0.0,1612000.0,0.0
,EBITDA,974584000.0,1007188000.0,1015110000.0,1126095000.0,1212955000.0,1160674000.0,173359000.0,13463000.0,0.0,2582000.0,0.0
,EBITDARatio,0.787711944547272,0.800711044967393,0.810606211844748,0.774042615493431,0.779525545029392,0.734949409754081,0.720839431840862,0.800321008203543,0.0,0.813228346456693,0.0
,,,,,,,,,,,,,,,,,,,,,,,,,,,,,,,,,,,,,,,,,,,,,,,,,,,,,,,,,,,,,,,,,,,,,,,,,,,,,,,,,,,,,,,,,,,,,,,,,,,,,
INCOME,,,,,,,,,,,,,,,,,,,,,,,,,,,,,,,,,,,,,,,,,,,,,,,,,,,,,,,,,,,,,,,,,,,,,,,,,,,,,,,,,,,,,,,,,,,,,,,,,,,,,
,operatingIncome,492589000.0,366570000.0,308308000.0,337909000.0,365344000.0,244671000.0,16388000.0,4141000.0,0.0,970000.0,0.0
,operatingIncomeRatio,0.398137296582538,0.291421907085566,0.246196353066594,0.232268117839765,0.234794349933195,0.154927918635156,0.0681425054886568,0.24616573534657,0.0,0.305511811023622,0.0
,totalOtherIncomeExpensesNet,-516859000.0,-172307000.0,39834000.0,-225058000.0,-351447000.0,-802935000.0,-347285000.0,-6589000.0,0.0,-1874000.0,0.0
,incomeBeforeTax,-302844000.0,-86624000.0,58377000.0,-204525000.0,-359795000.0,-1010912000.0,-411697000.0,-6804000.0,0.0,0.0,0.0
,incomeBeforeTaxRatio,-0.244775038513329,-0.0688657862874215,0.0466163852477671,-0.140584112294073,-0.231228193522307,-0.640118739381874,-1.71186630962677,-0.404470336464154,0.0,0.0,0.0
,incomeTaxExpense,4262000.0,5101000.0,6882000.0,-3701000.0,-36303000.0,0.0,0.0,0.0,0.0,0.0,0.0
,netIncome,-300353000.0,-85774000.0,31818000.0,-195863000.0,-316353000.0,-977185000.0,-406505000.0,-7278000.0,0.0,-2575000.0,0.0
,netIncomeRatio,-0.242761676449241,-0.0681900391694829,0.0254079542596134,-0.134630123389581,-0.203309475410616,-0.618762494008258,-1.69027759297452,-0.432647723219593,0.0,-0.811023622047244,0.0
,,,,,,,,,,,,,,,,,,,,,,,,,,,,,,,,,,,,,,,,,,,,,,,,,,,,,,,,,,,,,,,,,,,,,,,,,,,,,,,,,,,,,,,,,,,,,,,,,,,,,
EPS,,,,,,,,,,,,,,,,,,,,,,,,,,,,,,,,,,,,,,,,,,,,,,,,,,,,,,,,,,,,,,,,,,,,,,,,,,,,,,,,,,,,,,,,,,,,,,,,,,,,,
,EPS,-1.85,-0.8,-0.2,-1.0514182795861,-2.15,-6.8,-11.8,-4.2,0.0,-6.3,0.0
,EPSDiluted,-1.85,-0.8,-0.2,-1.02433504775992,-2.15,-6.8,-11.8,-4.2,0.0,-6.3,0.0
,weightedAverageShsOut,199627993.0,193818453.0,194819730.0,186284568.0,180672152.0,158630019.0,34810530.0,1830157.0,682178587.0,409064.0,1000000.0
,weightedAverageShsOutDil,199627993.0,193818453.0,194819730.0,191209898.0,180672152.0,158630019.0,34810530.0,1830157.0,7414052.0,409064.0,1000000.0
