Date,2018-12-31,2017-12-31,2016-12-31,2015-12-31,2014-12-31,2013-12-31,2012-12-31,2011-12-31,2010-12-31,2009-12-31
Revenue,1820100000.0,1879400000.0,1566800000.0,1532900000.0,1862600000.0,1863600000.0,2087300000.0,2084100000.0,1592400000.0,1341800000.0
Revenue Growth,-0.0315526231776099,0.199514934899158,0.022114945528084,-0.177010630301729,-0.000536595836016313,-0.107171944617448,0.00153543495993474,0.308779201205727,0.186764048293337,-0.1497
Cost of Revenue,1281100000.0,1343400000.0,1343000000.0,1369000000.0,1516500000.0,1794400000.0,1583200000.0,1392500000.0,1184300000.0,1135700000.0
Gross Profit,539000000.0,536000000.0,223800000.0,163900000.0,346100000.0,69200000.0,504100000.0,691600000.0,408100000.0,206100000.0
R&D Expenses,16000000.0,20000000.0,13000000.0,16000000.0,19000000.0,18000000.0,0.0,0.0,0.0,0.0
SG&A Expense,310000000.0,269400000.0,260200000.0,269700000.0,276100000.0,375100000.0,273300000.0,278600000.0,227100000.0,227600000.0
Operating Expenses,372000000.0,269400000.0,260200000.0,269700000.0,276100000.0,375100000.0,273300000.0,278600000.0,260900000.0,228300000.0
Operating Income,236200000.0,291800000.0,3000000.0,-73800000.0,53800000.0,-98000000.0,159800000.0,469900000.0,147200000.0,-22200000.0
Interest Expense,55700000.0,58900000.0,63200000.0,59000000.0,56700000.0,56100000.0,56300000.0,61900000.0,68400000.0,66700000.0
Earnings before Tax,236200000.0,291800000.0,3000000.0,-73800000.0,79500000.0,-126900000.0,196600000.0,469900000.0,64800000.0,-85000000.0
Income Tax Expense,-30700000.0,-120000000.0,6000000.0,97300000.0,32500000.0,-91000000.0,104800000.0,174900000.0,14500000.0,-50800000.0
Net Income - Non-Controlling int,0.0,0.0,0.0,0.0,0.0,0.0,0.0,0.0,13500000.0,-3900000.0
Net Income - Discontinued ops,0.0,0.0,0.0,0.0,0.0,0.0,0.0,0.0,500000.0,0.0
Net Income,262200000.0,207500000.0,-15900000.0,-133600000.0,53800000.0,-98000000.0,159800000.0,217500000.0,50300000.0,-34200000.0
Preferred Dividends,0.0,0.0,0.0,0.0,0.0,0.0,0.0,0.0,0.0,0.0
Net Income Com,262200000.0,207500000.0,-15900000.0,-133600000.0,53800000.0,-98000000.0,159800000.0,217500000.0,50300000.0,-34200000.0
EPS,0.77,0.61,-0.05,-0.39,0.16,-0.29,0.47,1.91,0.14,-0.1
EPS Diluted,0.77,0.61,-0.05,-0.39,0.16,-0.29,0.47,1.91,0.14,-0.1
Weighted Average Shs Out,342000000.0,342000000.0,342000000.0,342000000.0,342000000.0,342000000.0,342000000.0,114000000.0,340823865.0,340811865.0
Weighted Average Shs Out (Dil),342000000.0,342000000.0,342000000.0,342000000.0,342000000.0,342000000.0,342000000.0,114000000.0,343000000.0,342900000.0
Dividend per Share,0.0792397660819,0.0795321637427,0.0792397660819,0.0792397660819,0.109064327485,0.198538011696,0.190058479532,0.471052631579,0.133,0.133
Gross Margin,0.296137574859,0.285197403427,0.142838907327,0.106921521299,0.185815526683,0.0371324318523,0.241508168447,0.331845880716,0.2563,0.1536
EBITDA Margin,0.162958079226,0.187985527296,0.0466556037784,-0.000913301585231,0.072210888006,-0.0118051083924,0.111052555934,0.258720790749,0.123,0.037
EBIT Margin,0.129773089391,0.155262317761,0.00191473066122,-0.0481440407072,0.0288843552024,-0.0525863919296,0.0765582331241,0.225469027398,0.0836,-0.0136
Profit Margin,0.14405801879,0.110407576886,-0.0101480725045,-0.087155065562,0.0288843552024,-0.0525863919296,0.0765582331241,0.104361594933,0.032,-0.025
Free Cash Flow margin,0.0571946596341,0.100031925082,0.0133392902732,-0.0209407006328,-0.00289917319875,0.0228053230307,-0.0128874622718,0.070150184732,0.0487,0.0138
EBITDA,296600000.0,353300000.0,73100000.0,-1400000.0,134500000.0,-22000000.0,231800000.0,539200000.0,195300000.0,49100000.0
EBIT,236200000.0,291800000.0,3000000.0,-73800000.0,53800000.0,-98000000.0,159800000.0,469900000.0,133200000.0,-18300000.0
Consolidated Income,262200000.0,207500000.0,-15900000.0,-133600000.0,53800000.0,-98000000.0,159800000.0,217500000.0,63800000.0,-38100000.0
Earnings Before Tax Margin,0.129773089391,0.155262317761,0.00191473066122,-0.0481440407072,0.0426822720928,-0.0680940115905,0.0941886647823,0.225469027398,0.0407,-0.0633
Net Profit Margin,0.14405801879,0.110407576886,-0.0101480725045,-0.087155065562,0.0288843552024,-0.0525863919296,0.0765582331241,0.104361594933,0.0316,-0.0255
