Date,2019-01-31,2018-01-31,2017-01-31,2016-01-31,2015-01-31,2014-01-31,2013-01-31,2012-01-31,2011-01-31,2010-01-31
Revenue,200716000.0,189287000.0,173417000.0,168595000.0,164052000.0,155920000.0,158856000.0,0.0,180995000.0,190513000.0
Revenue Growth,0.0603792125185565,0.0915135194358108,0.0286010854414425,0.0276924389827616,0.0521549512570549,-0.0184821473535781,0.0,-1,-0.0499598452599035,-0.1014
Cost of Revenue,133635000.0,123816000.0,110874000.0,108985000.0,108654000.0,102488000.0,107304000.0,0.0,129621000.0,129423000.0
Gross Profit,67081000.0,65471000.0,62543000.0,59610000.0,55398000.0,53432000.0,51552000.0,0.0,51374000.0,61090000.0
R&D Expenses,0.0,0.0,0.0,0.0,0.0,0.0,0.0,0.0,0.0,0.0
SG&A Expense,64751000.0,61528000.0,56601000.0,53653000.0,52741000.0,53465000.0,54072000.0,0.0,58891000.0,61412000.0
Operating Expenses,64751000.0,61528000.0,56601000.0,53653000.0,52741000.0,53465000.0,54072000.0,0.0,58884000.0,61414000.0
Operating Income,2331000.0,3959000.0,5944000.0,5948000.0,2372000.0,-2733000.0,-4039000.0,0.0,-7510000.0,-324000.0
Interest Expense,2191000.0,1545000.0,1217000.0,1281000.0,1454000.0,1302000.0,1556000.0,0.0,1077000.0,1127000.0
Earnings before Tax,-1117000.0,2414000.0,4727000.0,4667000.0,918000.0,-2733000.0,-4039000.0,0.0,-8587000.0,-1451000.0
Income Tax Expense,497000.0,5623000.0,-18033000.0,118000.0,69000.0,-1003000.0,-209000.0,0.0,9007000.0,-726000.0
Net Income - Non-Controlling int,0.0,0.0,0.0,0.0,0.0,0.0,0.0,0.0,0.0,0.0
Net Income - Discontinued ops,0.0,0.0,0.0,0.0,0.0,0.0,0.0,0.0,0.0,0.0
Net Income,-1614000.0,-3209000.0,22760000.0,4549000.0,849000.0,-1730000.0,-3830000.0,0.0,-17594000.0,-725000.0
Preferred Dividends,0.0,0.0,0.0,0.0,0.0,0.0,0.0,0.0,0.0,0.0
Net Income Com,-1614000.0,-3209000.0,22760000.0,4549000.0,849000.0,-1730000.0,-3830000.0,0.0,-17594000.0,-725000.0
EPS,-0.1,-0.21,1.51,0.31,0.06,-0.12,-0.27,0.0,-1.25,-0.05
EPS Diluted,-0.1,-0.21,1.49,0.3,0.06,-0.12,-0.27,0.0,-1.25,-0.05
Weighted Average Shs Out,15421000.0,15244000.0,15067000.0,14914000.0,14756000.0,14620000.0,14387000.0,0.0,14204998.0,14199087.0
Weighted Average Shs Out (Dil),15421000.0,15244000.0,15266000.0,15118000.0,14987000.0,14620000.0,14387000.0,0.0,14130000.0,14155000.0
Dividend per Share,0.0603073730627,0.0,0.0,0.0,0.0,0.0,0.0,0.0,0.1,0.1
Gross Margin,0.33420853345,0.345882178914,0.360650916577,0.353569204306,0.337685611879,0.342688558235,0.32452032029,0.0,0.2838,0.3207
EBITDA Margin,0.0365043145539,0.0447468658703,0.0556000853434,0.0515555028322,0.0335076683003,0.00946639302206,0.00207105806517,0.0,-0.012,0.027
EBIT Margin,0.0116134239423,0.0209153296317,0.0342757630451,0.0352798125686,0.014458830127,-0.0175282195998,-0.0254255426298,0.0,-0.0415,-0.0017
Profit Margin,-0.0080412124594,-0.0169530923941,0.131244341674,0.0269818203387,0.00517518835491,-0.0110954335557,-0.0241098856826,0.0,-0.097,-0.004
Free Cash Flow margin,-0.0151059208035,-0.0239107809834,0.0083844144461,0.019253240013,-0.0100882646966,-0.0248524884556,0.0321863826358,0.0,0.0138,-0.0426
EBITDA,7327000.0,8470000.0,9642000.0,8692000.0,5497000.0,1476000.0,329000.0,0.0,-2158000.0,5063000.0
EBIT,2331000.0,3959000.0,5944000.0,5948000.0,2372000.0,-2733000.0,-4039000.0,0.0,-7510000.0,-324000.0
Consolidated Income,-1614000.0,-3209000.0,22760000.0,4549000.0,849000.0,-1730000.0,-3830000.0,0.0,-17594000.0,-725000.0
Earnings Before Tax Margin,-0.00556507702425,0.0127531209222,0.0272579966209,0.027681722471,0.00559578670178,-0.0175282195998,-0.0254255426298,0.0,-0.0474,-0.0076
Net Profit Margin,-0.0080412124594,-0.0169530923941,0.131244341674,0.0269818203387,0.00517518835491,-0.0110954335557,-0.0241098856826,0.0,-0.0972,-0.0038
