date,,2020-12-31_FY,2019-12-31_FY,2018-12-31_FY,2017-12-31_FY,2016-12-31_FY,2015-12-31_FY,2014-12-31_FY,2013-12-31_FY,2012-12-31_FY,2011-12-31_FY,2010-12-31_FY,2009-12-31_FY,2008-12-31_FY,2007-12-31_FY,2006-12-31_FY,2005-12-31_FY,2004-12-31_FY,2003-12-31_FY,2002-12-31_FY,2001-12-31_FY,2000-12-31_FY,1999-12-31_FY,1998-12-31_FY
,revenue,43126472000.0,10983000000.0,43462740000.0,23000000.0,42508000000.0,40286000000.0,35000000000.0,34721000000.0,33931422000.0,29129000000.0,15756000.0,15795775000.0,15978985000.0,14727562000.0,14643000.0,14395000.0,13309000.0,11805000.0,10088000.0,9048688678.2,7514677171.22,5585195937.6,4520117840.0
,costOfRevenue,22693083000.0,5498000000.0,21025767000.0,24000000.0,20823000000.0,20345000000.0,17222000000.0,17542000000.0,16564464000.0,14728000000.0,8793000.0,8955508000.0,8726408000.0,8022760000.0,7780000.0,7717000.0,7496000.0,6715000.0,6640000.0,5756949187.8,2148784629.67,1599718596.4,1246862400.0
,grossProfit,20433389000.0,5485000000.0,22436973000.0,-1000000.0,21685000000.0,19941000000.0,17777000000.0,17179000000.0,17366958000.0,14401000000.0,6963000.0,6840267000.0,7252577000.0,6704802000.0,6863000.0,6678000.0,5813000.0,5090000.0,3448000.0,3291739490.4,5365892541.55,3985477341.2,3273255440.0
,grossProfitRatio,0.47380154351601,0.499408176272421,0.516234664450516,-0.0434782608695652,0.510139267902513,0.494985851164176,0.507914285714286,0.494772615996083,0.511825233849616,0.494387036973463,0.441926884996192,0.433044089321353,0.453882208413113,0.45525539121818,0.468688110359899,0.463911080236193,0.436772109099106,0.431173231681491,0.341792228390167,0.363780831396092,0.714054964609857,0.713578786801272,0.724152678285042
,,,,,,,,,,,,,,,,,,,,,,,,,,,,,,,,,,,,,,,,,,,,,,,,,,,,,,,,,,,,,,,,,,,,,,,,,,,,,,,,,,,,,,,,,,,,,,,,,,,,,
COST And EXPENSES,,,,,,,,,,,,,,,,,,,,,,,,,,,,,,,,,,,,,,,,,,,,,,,,,,,,,,,,,,,,,,,,,,,,,,,,,,,,,,,,,,,,,,,,,,,,,,,,,,,,,
,ResearchAndDevelopmentExpenses,0.0,0.0,0.0,0.0,0.0,0.0,0.0,0.0,0.0,0.0,0.0,0.0,0.0,0.0,0.0,0.0,0.0,0.0,0.0,0.0,0.0,0.0,0.0
,GeneralAndAdministrativeExpenses,2524993000.0,1672501000.0,4756883000.0,4489811000.0,4554606000.0,3808869000.0,3255285000.0,3189856000.0,3156344000.0,6458467000.0,1087043000.0,795263000.0,0.0,0.0,0.0,799092000.0,0.0,0.0,0.0,1956985953.9,1346278151.82,1071205374.2,929105800.0
,SellingAndMarketingExpenses,11871555000.0,0.0,7193629000.0,0.0,-12455000000.0,-12005000000.0,-10466000000.0,-9686000000.0,5417096000.0,0.0,0.0,-2568351000.0,-2600556000.0,-2307106000.0,-1924000.0,-1810000.0,-1607000.0,-1286000.0,-1011000.0,0.0,0.0,0.0,0.0
,otherExpenses,0.0,0.0,0.0,1000000.0,15180000000.0,13593000000.0,0.0,0.0,0.0,0.0,0.0,3384141000.0,3231422000.0,3426006000.0,3183000.0,2712000.0,2394000.0,2300000.0,1859000.0,0.0,0.0,0.0,0.0
,operatingExpenses,13852460000.0,15303460000.0,9304000000.0,14929817000.0,14432807000.0,13466954000.0,11771929000.0,12371598000.0,13755000000.0,9053973000.0,3637784000.0,3770024000.0,3523292085.53,3495664456.96,2954719495.0,2948655000.0,2948284081.2,3259604477.43,2263006926.0,0.0,0.0,0.0,0.0
,costAndExpenses,36545543000.0,1803000000.0,32587749000.0,49000000.0,20755000000.0,19791000000.0,4554000000.0,5295000000.0,27559632000.0,6125000000.0,5376000.0,8903700000.0,8601752000.0,8141253000.0,8056000.0,7755000.0,7536000.0,6765000.0,6595000.0,7713935141.7,6443969173.54,5061644081.6,3683560160.0
,interestExpense,1924959000.0,0.0,696636000.0,0.0,0.0,0.0,0.0,0.0,690979000.0,0.0,0.0,0.0,0.0,0.0,0.0,0.0,0.0,0.0,0.0,0.0,0.0,0.0,0.0
,,,,,,,,,,,,,,,,,,,,,,,,,,,,,,,,,,,,,,,,,,,,,,,,,,,,,,,,,,,,,,,,,,,,,,,,,,,,,,,,,,,,,,,,,,,,,,,,,,,,,
EBITDA,,,,,,,,,,,,,,,,,,,,,,,,,,,,,,,,,,,,,,,,,,,,,,,,,,,,,,,,,,,,,,,,,,,,,,,,,,,,,,,,,,,,,,,,,,,,,,,,,,,,,
,depreciationAndAmortization,11228000000.0,10919792000000.0,1880714000.0,7853734000000.0,7654406000.0,6814951000000.0,5295589000000.0,5643310000.0,1360703000.0,0.0,0.0,2505475000.0,2657903000.0,2634384000.0,2641554000.0,2675136000.0,2736811000.0,2820912000.0,3733462000.0,3324298136.4,2948906392.05,2379725234.2,1517378380.0
,EBITDA,17808929000.0,10916097000000.0,12755705000.0,7853759000000.0,14023406000.0,6820192000000.0,5300342000000.0,10305310000.0,7732493000.0,5658000000.0,3425000.0,2453667000.0,2533247000.0,2752877000.0,2645455000.0,2678511000.0,2739676000.0,2820519000.0,3733103000.0,4659051672.9,4019614389.73,2903277090.2,2353936060.0
,EBITDARatio,0.412946577220599,993.908494946736,0.293485983626435,341467.782608696,0.329900395219723,169.294345430174,151.438342857143,0.296803375478817,0.227885910587537,0.194239417762367,0.217377506981467,0.155336917625124,0.158536164844012,0.186920075434074,180.663456941883,186.072316776659,205.851378766248,238.925794155019,370.053826328311,0.514886945345411,0.534901805911833,0.519816515416209,0.520768737303539
,,,,,,,,,,,,,,,,,,,,,,,,,,,,,,,,,,,,,,,,,,,,,,,,,,,,,,,,,,,,,,,,,,,,,,,,,,,,,,,,,,,,,,,,,,,,,,,,,,,,,
INCOME,,,,,,,,,,,,,,,,,,,,,,,,,,,,,,,,,,,,,,,,,,,,,,,,,,,,,,,,,,,,,,,,,,,,,,,,,,,,,,,,,,,,,,,,,,,,,,,,,,,,,
,operatingIncome,6580929000.0,-3695000000.0,10874991000.0,25000000.0,6369000000.0,5241000000.0,4753000000.0,4662000000.0,6371790000.0,5658000000.0,3425000.0,-51808000.0,-124656000.0,118493000.0,3901000.0,3375000.0,2865000.0,-393000.0,-359000.0,1334753536.5,1070707997.68,523551856.0,836557680.0
,operatingIncomeRatio,0.152596043562293,-0.336429026677593,0.250214114434571,1.08695652173913,0.149830620118566,0.130094822022539,0.1358,0.134270326315486,0.187784349267767,0.194239417762367,0.217377506981467,-0.00327986439411805,-0.00780124644963369,0.00804566295494122,0.266407157003346,0.234456408475165,0.215267863851529,-0.0332909783989835,-0.0355868358445678,0.147507952142908,0.142482234869734,0.0937392101994857,0.185074307708757
,totalOtherIncomeExpensesNet,734000.0,0.0,935034000.0,25000000.0,0.0,0.0,0.0,0.0,1204923000.0,0.0,0.0,-51808000.0,-124656000.0,118493000.0,0.0,0.0,0.0,-393000.0,-359000.0,-131249429.1,-24792851.35,48726804.3,50381940.0
,incomeBeforeTax,6008234000.0,1586000000.0,11277490000.0,0.0,5134000000.0,4393000000.0,4753000000.0,4662000000.0,6921474000.0,5658000000.0,3425000.0,3162281000.0,3501664000.0,3340446000.0,3924000.0,3413000.0,2905000.0,1867000.0,385000.0,867773841.0,979946467.85,160791078.7,743043000.0
,incomeBeforeTaxRatio,0.139316612775559,0.144404989529272,0.259474897348856,0.0,0.120777265455914,0.109045325919674,0.1358,0.134270326315486,0.203984200838975,0.194239417762367,0.217377506981467,0.200197901021001,0.219141829096153,0.226815952294073,0.267977873386601,0.237096213963182,0.218273348861673,0.158153324862346,0.0381641554321967,0.0959005080029586,0.130404333482619,0.0287887981901478,0.164385758580135
,incomeTaxExpense,1237707000.0,0.0,2349232000.0,0.0,0.0,0.0,0.0,0.0,2469293000.0,0.0,0.0,0.0,0.0,0.0,0.0,0.0,0.0,0.0,0.0,-63055089.6,51490745.23,-327671433.9,192828720.0
,netIncome,4770527000.0,1586000000.0,8928258000.0,0.0,4085000000.0,3420000000.0,4936000000.0,3715000000.0,4453573000.0,4362000000.0,2398000.0,3162281000.0,3501664000.0,3340446000.0,2816000.0,2542000.0,2181000.0,1588000.0,457000.0,930828930.6,928455722.62,488462512.6,550214280.0
,netIncomeRatio,0.11061714021031,0.144404989529272,0.205423265997496,0.0,0.0960995577303096,0.0848930149431564,0.141028571428571,0.106995766250972,0.131252176817111,0.149747674139174,0.152195988829652,0.200197901021001,0.219141829096153,0.226815952294073,0.192310318923718,0.176589093435221,0.163874070178075,0.134519271495129,0.0453013481363997,0.102868930925046,0.123552309895072,0.0874566475477843,0.121725649524217
,,,,,,,,,,,,,,,,,,,,,,,,,,,,,,,,,,,,,,,,,,,,,,,,,,,,,,,,,,,,,,,,,,,,,,,,,,,,,,,,,,,,,,,,,,,,,,,,,,,,,
EPS,,,,,,,,,,,,,,,,,,,,,,,,,,,,,,,,,,,,,,,,,,,,,,,,,,,,,,,,,,,,,,,,,,,,,,,,,,,,,,,,,,,,,,,,,,,,,,,,,,,,,
,EPS,2.0754499564396,0.69,5.287104,22.0,4.0852,3.4202,4.9366,3.71545328530081,3.867757,4.4,4.45,0.505841,0.505841,0.505841,0.00175670617592015,0.0017628294036061,0.0015124826629681,0.00110124826629681,0.000758298114340577,1.889888,2.119725,1.007384,1.643152
,EPSDiluted,2.0754499564396,0.69,5.287104,22.0,4.0852,3.4202,4.9366,3.71545328530081,3.867757,4.4,4.45,0.505841,0.505841,0.505841,0.00175670617592015,0.0017628294036061,0.0015124826629681,0.00110124826629681,0.000758298114340577,1.889888,2.119725,1.007384,1.643152
,weightedAverageShsOut,2298550724.0,2298550724.0,1688693776.0,999951000.0,999951000.0,999941000.0,999878000.0,999878000.0,1151106591.0,991363636.0,538876.0,6251531607.0,6922459824.0,6603747027.0,1603000000.0,1442000000.0,1442000000.0,1442000000.0,602665352.0,493665346.0,490414172.0,489492257.0,334852941.0
,weightedAverageShsOutDil,2298550724.0,2298550724.0,1688693776.0,999951000.0,999951000.0,999941000.0,999878000.0,999878000.0,1151106591.0,991363636.0,538876.0,6251531607.0,6922459824.0,6603747027.0,1603000000.0,1442000000.0,1442000000.0,1442000000.0,602665352.0,493665346.0,490414172.0,489492257.0,334852941.0
