Date,2019-02-28,2018-02-28,2017-02-28,2016-02-29,2015-02-28,2014-02-28,2013-02-28,2012-02-29,2011-02-28,2010-02-28
Revenue,446816000.0,507092000.0,681042000.0,680746000.0,757498000.0,809709000.0,835577000.0,707062000.0,561672000.0,550695000.0
Revenue Growth,-0.118866004590883,-0.255417433873388,0.000434817097713391,-0.101323039796805,-0.0644811901559696,-0.0309582480130497,0.18175916680574,0.258852141463345,0.0199329937624275,-0.0869
Cost of Revenue,325399000.0,374795000.0,479527000.0,485061000.0,533628000.0,579461000.0,598755000.0,504107000.0,437735000.0,443944000.0
Gross Profit,121417000.0,132297000.0,201515000.0,195685000.0,223870000.0,230248000.0,236822000.0,202955000.0,123937000.0,106751000.0
R&D Expenses,9169000.0,10954000.0,32725000.0,23486000.0,37157000.0,21267000.0,15890000.0,0.0,11934000.0,9781000.0
SG&A Expense,66935000.0,78957000.0,107882000.0,111382000.0,168985000.0,118852000.0,114653000.0,93219000.0,101779000.0,93001000.0
Operating Expenses,162614000.0,151396000.0,201687000.0,207255000.0,207276000.0,267623000.0,195126000.0,159081000.0,114920000.0,102991000.0
Operating Income,-41197000.0,-19099000.0,-172000.0,-11570000.0,16594000.0,-37375000.0,41696000.0,43874000.0,9017000.0,3760000.0
Interest Expense,951000.0,3473000.0,4469000.0,4336000.0,6851000.0,5210000.0,6302000.0,3520000.0,2630000.0,1556000.0
Earnings before Tax,-58963000.0,-24104000.0,-1443000.0,-7798000.0,696000.0,-26655000.0,35655000.0,38892000.0,12496000.0,11155000.0
Income Tax Expense,-6131000.0,-17445000.0,1759000.0,-1735000.0,1638000.0,-58000.0,13163000.0,13243000.0,-10535000.0,-11328000.0
Net Income - Non-Controlling int,0.0,0.0,0.0,0.0,0.0,0.0,0.0,0.0,0.0,0.0
Net Income - Discontinued ops,0.0,0.0,0.0,0.0,0.0,0.0,0.0,0.0,0.0,0.0
Net Income,-46091000.0,35304000.0,4422000.0,-2682000.0,-942000.0,-26597000.0,22492000.0,25649000.0,23031000.0,22483000.0
Preferred Dividends,0.0,0.0,0.0,0.0,0.0,0.0,0.0,0.0,0.0,0.0
Net Income Com,-46091000.0,35304000.0,4422000.0,-2682000.0,-942000.0,-26597000.0,22492000.0,25649000.0,23031000.0,22483000.0
EPS,-1.89,1.44,0.18,-0.11,-0.04,-1.1,0.96,1.11,1.0,0.98
EPS Diluted,-1.89,1.44,0.18,-0.11,-0.04,-1.1,0.95,1.1,1.0,0.98
Weighted Average Shs Out,24355791.0,24290563.0,24160324.0,24172710.0,24124739.0,24109270.0,23415570.0,23080081.0,23041459.0,22883859.0
Weighted Average Shs Out (Dil),24355791.0,24547246.0,24240310.0,24172710.0,24330361.0,24109270.0,23617101.0,23265206.0,22938754.0,22875651.0
Dividend per Share,0.0,0.0,0.0,0.0,0.0,0.0,0.0,0.0,0.0,0.0
Gross Margin,0.271738254673,0.260893486783,0.295892176988,0.287456701912,0.2955,0.284358948709,0.283423311077,0.287039891834,0.2207,0.1938
EBITDA Margin,-0.062734996061,-0.0120352914264,0.0278132626182,0.00980101241873,0.031,-0.0244717546674,0.0710311557163,0.0766113862716,0.041,0.037
EBIT Margin,-0.092201264055,-0.0376637769872,-0.000252554174339,-0.0169960602045,0.01,-0.0461585581981,0.0499008469596,0.062051135544,0.0269,0.0231
Profit Margin,-0.103154318556,0.0696205027884,0.00649299162166,-0.00393979545969,-0.001,-0.0328476032748,0.0269179261756,0.0362754609921,0.041,0.041
Free Cash Flow margin,0.0398396655447,-0.0626651574073,-0.0205082799592,0.0115828811333,0.04,0.0644527848894,0.0063584804273,0.0667833938184,0.0518,0.0421
EBITDA,-28031000.0,-6103000.0,18942000.0,6672000.0,23112000.0,-19815000.0,59352000.0,54169000.0,22991000.0,20405000.0
EBIT,-41197000.0,-19099000.0,-172000.0,-11570000.0,7547000.0,-37375000.0,41696000.0,43874000.0,15126000.0,12711000.0
Consolidated Income,-46091000.0,35304000.0,4422000.0,-2682000.0,-942000.0,-26597000.0,22492000.0,25649000.0,23031000.0,22483000.0
Earnings Before Tax Margin,-0.131962597579,-0.0475337808524,-0.00211881205564,-0.0114550801621,0.0009,-0.032919233947,0.0426711122973,0.0550050773482,0.0222,0.0203
Net Profit Margin,-0.103154318556,0.0696205027884,0.00649299162166,-0.00393979545969,-0.0012,-0.0328476032748,0.0269179261756,0.0362754609921,0.041,0.0408
