Date,2018-12-31,2017-12-31,2016-12-31,2015-12-31,2014-12-31,2013-12-31,2012-12-31,2011-12-31,2010-12-31,2009-12-31
Revenue,3053000.0,3121000.0,2642000.0,2177000.0,2521000.0,2566000.0,2094000.0,1923000.0,1175000.0,0.0
Revenue Growth,-0.0217878884972765,0.181302043906132,0.213596692696371,-0.136453788179294,-0.0175370226032736,0.225405921680993,0.0889235569422777,0.636595744680851,0.0,-1.0
Cost of Revenue,3142000.0,2914000.0,2698000.0,2309000.0,1230000.0,170000.0,131000.0,129000.0,88000.0,0.0
Gross Profit,-89000.0,207000.0,-56000.0,-132000.0,1291000.0,2396000.0,1963000.0,1794000.0,1087000.0,0.0
R&D Expenses,550000.0,837000.0,2172000.0,3751000.0,4667000.0,2595000.0,2216000.0,5387000.0,3848000.0,2346000.0
SG&A Expense,5154000.0,5703000.0,6036000.0,5742000.0,6201000.0,4347000.0,4711000.0,8667000.0,11841000.0,3017000.0
Operating Expenses,11244000.0,10648000.0,14898000.0,19117000.0,20502000.0,11259000.0,11377000.0,19435000.0,17366000.0,7429000.0
Operating Income,-11333000.0,-10441000.0,-14954000.0,-19249000.0,-19211000.0,-8863000.0,-9414000.0,-17641000.0,-16279000.0,-7429000.0
Interest Expense,0.0,0.0,0.0,0.0,0.0,0.0,206000.0,396000.0,491000.0,1691000.0
Earnings before Tax,0.0,0.0,0.0,-19115000.0,-19209000.0,-8819000.0,-7146000.0,-17790000.0,-19034000.0,-22037000.0
Income Tax Expense,0.0,0.0,0.0,0.0,0.0,0.0,0.0,0.0,0.0,11000.0
Net Income - Non-Controlling int,0.0,0.0,0.0,0.0,0.0,0.0,0.0,0.0,0.0,0.0
Net Income - Discontinued ops,0.0,0.0,0.0,0.0,0.0,0.0,0.0,0.0,0.0,0.0
Net Income,-11371000.0,-10497000.0,-14968000.0,-19115000.0,-19209000.0,-8819000.0,-7146000.0,-17790000.0,-19034000.0,-22048000.0
Preferred Dividends,0.0,0.0,0.0,0.0,0.0,0.0,0.0,0.0,0.0,0.0
Net Income Com,-11371000.0,-10497000.0,-14968000.0,-19115000.0,-19209000.0,-8819000.0,-7146000.0,-17790000.0,-19034000.0,-22048000.0
EPS,-0.16,-0.2,-0.29,-0.41,-0.53,-0.42,-0.48,-1.25,-1.83,-3.31
EPS Diluted,-0.16,-0.2,-0.29,-0.41,-0.53,-0.42,-0.48,-1.25,-1.83,-3.31
Weighted Average Shs Out,70085842.0,56943596.0,52197969.0,47124261.0,36082414.0,20926336.0,15010868.0,14249570.0,10416085.0,6382166.0
Weighted Average Shs Out (Dil),70085842.0,56943596.0,52197969.0,47124261.0,36082414.0,20926336.0,15010868.0,14249570.0,10404741.0,6662231.0
Dividend per Share,0.0,0.0,0.0,0.0,0.0,0.0,0.0,0.0,0.0,0.0
Gross Margin,-0.0291516541107,0.0663248958667,-0.0211960635882,-0.0606338998622,0.512098373661,0.933749025721,0.937440305635,0.932917316693,0.9251,0.0
EBITDA Margin,-3.49099246643,-3.09355975649,-5.38644965935,-8.70831419384,-7.5644585482,-3.42595479345,-4.45463228271,-9.13364534581,-15.684,
EBIT Margin,-3.71208647232,-3.34540211471,-5.66010598032,-8.84198438218,-7.62038873463,-3.45401402962,-4.49570200573,-9.17368694748,-15.7813,0.0
Profit Margin,-3.72453324599,-3.3633450817,-5.66540499621,-8.78043178686,-7.61959539865,-3.43686671863,-3.41260744986,-9.2511700468,-16.199,
Free Cash Flow margin,-3.1051424828,-2.6238385133,-5.7623012869,-8.56545705099,-6.76953589845,-3.33008573655,-4.97230181471,-8.15392615705,-17.966,0.0
EBITDA,-10658000.0,-9655000.0,-14231000.0,-18958000.0,-19070000.0,-8791000.0,-9328000.0,-17564000.0,-18429000.0,-20011000.0
EBIT,-11333000.0,-10441000.0,-14954000.0,-19249000.0,-19211000.0,-8863000.0,-9414000.0,-17641000.0,-18543000.0,-20346000.0
Consolidated Income,-11371000.0,-10497000.0,-14968000.0,-19115000.0,-19209000.0,-8819000.0,-7146000.0,-17790000.0,-19034000.0,-22048000.0
Earnings Before Tax Margin,0.0,0.0,0.0,-8.78043178686,-7.61959539865,-3.43686671863,-3.41260744986,-9.2511700468,-16.1991,0.0
Net Profit Margin,-3.72453324599,-3.3633450817,-5.66540499621,-8.78043178686,-7.61959539865,-3.43686671863,-3.41260744986,-9.2511700468,-16.1991,0.0
