date,,2021-03-31_FY,2020-03-31_FY,2019-03-31_FY,2018-03-31_FY,2017-03-31_FY,2016-03-31_FY,2015-04-03_FY,2014-04-04_FY,2013-03-29_FY,2012-03-30_FY,2011-04-01_FY,2010-04-02_FY,2009-04-03_FY,2008-03-28_FY,2007-03-30_FY,2006-03-31_FY,2005-04-01_FY,2004-04-02_FY,2003-03-31_FY,2002-03-31_FY,2001-03-31_FY,2000-03-31_FY,1999-03-31_FY,1998-03-31_FY,1997-03-31_FY,1996-03-31_FY
,revenue,2256107000.0,2309238000.0,2068258000.0,1594625000.0,1559337000.0,1417431000.0,1382535000.0,1351500000.0,1119700000.0,863600000.0,802200000.0,688100000.0,628200000.0,574700000.0,516600000.0,433823000.0,345900000.0,278600000.0,185022000.0,195628000.0,164352000.0,75880000.0,71500000.0,64200000.0,47700000.0,29000000.0
,costOfRevenue,1564284000.0,1609687000.0,1537721000.0,1120814000.0,1048975000.0,984345000.0,963914000.0,991300000.0,848200000.0,636000000.0,550600000.0,475400000.0,446800000.0,413500000.0,380100000.0,325271000.0,262300000.0,206300000.0,141208000.0,136567000.0,103835000.0,42265000.0,41300000.0,38700000.0,31700000.0,20000000.0
,grossProfit,691823000.0,699551000.0,530537000.0,473811000.0,510362000.0,433086000.0,418621000.0,360200000.0,271500000.0,227600000.0,251600000.0,212700000.0,181400000.0,161200000.0,136500000.0,108552000.0,83600000.0,72300000.0,43814000.0,59061000.0,60517000.0,33615000.0,30200000.0,25500000.0,16000000.0,9000000.0
,grossProfitRatio,0.306644587335618,0.302935860227486,0.256513935882274,0.297130046249118,0.327294228252135,0.305542915316513,0.302792334371282,0.266518682944876,0.242475663124051,0.263547938860584,0.31363749688357,0.30911204766749,0.288761540910538,0.280494170871759,0.264227642276423,0.25022186467753,0.241688349233883,0.259511844938981,0.23680427192442,0.301904635328276,0.36821578076324,0.443002108592514,0.422377622377622,0.397196261682243,0.335429769392034,0.310344827586207
,,,,,,,,,,,,,,,,,,,,,,,,,,,,,,,,,,,,,,,,,,,,,,,,,,,,,,,,,,,,,,,,,,,,,,,,,,,,,,,,,,,,,,,,,,,,,,,,,,,,,
COST And EXPENSES,,,,,,,,,,,,,,,,,,,,,,,,,,,,,,,,,,,,,,,,,,,,,,,,,,,,,,,,,,,,,,,,,,,,,,,,,,,,,,,,,,,,,,,,,,,,,,,,,,,,,
,ResearchAndDevelopmentExpenses,115792000.0,130434000.0,123044000.0,168347000.0,129647000.0,77184000.0,46670000.0,60700000.0,35400000.0,25000000.0,28700000.0,27300000.0,29600000.0,32300000.0,21600000.0,15757000.0,8100000.0,10000000.0,16048000.0,9415000.0,6173000.0,7590000.0,7600000.0,7600000.0,5100000.0,0.0
,GeneralAndAdministrativeExpenses,0.0,523085000.0,458458000.0,385420000.0,333468000.0,298345000.0,270841000.0,281500000.0,240900000.0,181700000.0,163800000.0,130200000.0,98600000.0,76400000.0,69900000.0,57059000.0,48600000.0,38800000.0,37858000.0,38153000.0,26482000.0,11269000.0,10100000.0,7900000.0,4800000.0,0.0
,SellingAndMarketingExpenses,0.0,0.0,0.0,0.0,0.0,0.0,0.0,0.0,0.0,0.0,0.0,0.0,0.0,0.0,0.0,0.0,0.0,0.0,0.0,0.0,0.0,0.0,0.0,0.0,0.0,0.0
,otherExpenses,0.0,0.0,0.0,0.0,0.0,0.0,0.0,0.0,0.0,0.0,0.0,0.0,0.0,0.0,0.0,0.0,0.0,0.0,0.0,0.0,0.0,0.0,0.0,0.0,0.0,0.0
,operatingExpenses,115792000.0,661130000.0,591157000.0,565998000.0,473903000.0,391967000.0,335477000.0,356900000.0,318400000.0,225400000.0,212400000.0,169700000.0,137100000.0,118200000.0,101000000.0,79622000.0,63300000.0,56600000.0,62354000.0,54527000.0,36444000.0,22151000.0,20600000.0,17700000.0,11300000.0,7200000.0
,costAndExpenses,1680076000.0,2270817000.0,2128878000.0,1686812000.0,1522878000.0,1376312000.0,1299391000.0,1348200000.0,1166600000.0,861400000.0,763000000.0,645100000.0,583900000.0,531700000.0,481100000.0,404893000.0,325600000.0,262900000.0,203562000.0,191094000.0,140279000.0,64416000.0,61900000.0,56400000.0,43000000.0,27200000.0
,interestExpense,32687000.0,38641000.0,50010000.0,4026000.0,12083000.0,25748000.0,31448000.0,37938000.0,43993000.0,-8200000.0,-2800000.0,7354000.0,509000.0,557000.0,448000.0,0.0,141000.0,357000.0,0.0,0.0,0.0,0.0,0.0,0.0,0.0,0.0
,,,,,,,,,,,,,,,,,,,,,,,,,,,,,,,,,,,,,,,,,,,,,,,,,,,,,,,,,,,,,,,,,,,,,,,,,,,,,,,,,,,,,,,,,,,,,,,,,,,,,
EBITDA,,,,,,,,,,,,,,,,,,,,,,,,,,,,,,,,,,,,,,,,,,,,,,,,,,,,,,,,,,,,,,,,,,,,,,,,,,,,,,,,,,,,,,,,,,,,,,,,,,,,,
,depreciationAndAmortization,330861.0,7611000.0,9655000.0,12231000.0,10788000.0,16438000.0,221433000.0,185100000.0,157100000.0,125500000.0,103000000.0,47000000.0,28700000.0,28100000.0,26900000.0,6806000.0,20200000.0,20700000.0,8448000.0,6959000.0,12854000.0,3292000.0,2900000.0,2200000.0,1400000.0,1000000.0
,EBITDA,58563861.0,46032000.0,-50965000.0,-79956000.0,47247000.0,57557000.0,304577000.0,188400000.0,110200000.0,127700000.0,142300000.0,90000000.0,73000000.0,71000000.0,62300000.0,35736000.0,40500000.0,36400000.0,-10092000.0,11493000.0,36927000.0,14756000.0,12500000.0,10000000.0,6100000.0,2800000.0
,EBITDARatio,0.0259579270841321,0.019933848308403,-0.0246415099083383,-0.0501409422277965,0.0302994157132166,0.0406065621536428,0.220303283461178,0.139400665926748,0.0984192194337769,0.147869383974062,0.177387185240588,0.130794942595553,0.116205030245145,0.123542717939795,0.12059620596206,0.0823746089995228,0.117085862966175,0.130653266331658,-0.0545448649349807,0.0587492587973092,0.224682389018692,0.194464944649446,0.174825174825175,0.155763239875389,0.127882599580713,0.096551724137931
,,,,,,,,,,,,,,,,,,,,,,,,,,,,,,,,,,,,,,,,,,,,,,,,,,,,,,,,,,,,,,,,,,,,,,,,,,,,,,,,,,,,,,,,,,,,,,,,,,,,,
INCOME,,,,,,,,,,,,,,,,,,,,,,,,,,,,,,,,,,,,,,,,,,,,,,,,,,,,,,,,,,,,,,,,,,,,,,,,,,,,,,,,,,,,,,,,,,,,,,,,,,,,,
,operatingIncome,58233000.0,38421000.0,-60620000.0,-92187000.0,36459000.0,41119000.0,83144000.0,3300000.0,-46900000.0,2200000.0,39300000.0,43000000.0,44300000.0,42900000.0,35400000.0,28930000.0,20300000.0,15700000.0,-18540000.0,4534000.0,24073000.0,11464000.0,9600000.0,7800000.0,4700000.0,1800000.0
,operatingIncomeRatio,0.0258112757949867,0.0166379558971401,-0.0293096896035214,-0.0578110841106843,0.023381090809748,0.0290095249786409,0.0601388029959459,0.00244173140954495,-0.0418862195230865,0.00254747568318666,0.0489902767389678,0.0624909170178753,0.0705189430117797,0.0746476422481295,0.0685249709639954,0.0666861830746641,0.058687481931194,0.0563531945441493,-0.100204300029186,0.0231766413805795,0.146472205996885,0.151080653663679,0.134265734265734,0.121495327102804,0.0985324947589098,0.0620689655172414
,totalOtherIncomeExpensesNet,15851000.0,0.0,0.0,-10217000.0,0.0,0.0,-2166000.0,1707000.0,-833000.0,0.0,0.0,0.0,0.0,0.0,0.0,0.0,0.0,0.0,-1700000.0,-5427000.0,-2892000.0,0.0,800000.0,800000.0,400000.0,0.0
,incomeBeforeTax,25986000.0,1428000.0,-110481000.0,-105470000.0,25384000.0,17597000.0,53718000.0,-34600000.0,-90700000.0,-6100000.0,36400000.0,36300000.0,45200000.0,48100000.0,37200000.0,28730000.0,20600000.0,15300000.0,-21065000.0,-802000.0,13687000.0,12377000.0,10200000.0,8400000.0,4900000.0,1500000.0
,incomeBeforeTaxRatio,0.0115180707298014,0.000618385805187685,-0.0534174169760252,-0.0661409422277965,0.016278713324958,0.0124147136615468,0.0388547125389231,-0.0256011838697743,-0.0810038403143699,-0.00706345530338119,0.0453752181500873,0.0527539601802064,0.0719516077682267,0.0836958413085088,0.0720092915214866,0.0662251655629139,0.0595547846198323,0.0549174443646805,-0.113851325788285,-0.00409961764164639,0.0832785728193146,0.163112809699526,0.142657342657343,0.130841121495327,0.10272536687631,0.0517241379310345
,incomeTaxExpense,-9441000.0,-7915000.0,-41014000.0,-35217000.0,3617000.0,-4173000.0,13827000.0,-25947000.0,-50054000.0,-13651000.0,-2000.0,5438000.0,6794000.0,13521000.0,6755000.0,5105000.0,1246000.0,1931000.0,-11433000.0,-2959000.0,3422000.0,4471000.0,3900000.0,3100000.0,1700000.0,-100000.0
,netIncome,17101000.0,-212000.0,-67623000.0,-67305000.0,23767000.0,21741000.0,40363000.0,-9400000.0,-41200000.0,7500000.0,36100000.0,31100000.0,38300000.0,33500000.0,30200000.0,23515000.0,19300000.0,13200000.0,-9632000.0,2157000.0,10265000.0,7906000.0,6300000.0,5300000.0,3200000.0,1600000.0
,netIncomeRatio,0.00757987099016137,-9.18051755600765e-05,-0.0326956308158847,-0.0422074155365682,0.015241734147269,0.0153383127644309,0.0291949209242442,-0.00695523492415834,-0.0367955702420291,0.0086845761926818,0.0450012465719272,0.0451969190524633,0.0609678446354664,0.058291282408213,0.0584591560201316,0.0542041339440279,0.0557964729690662,0.0473797559224695,-0.0520586741036201,0.0110260289938046,0.0624574084890966,0.104190827622562,0.0881118881118881,0.0825545171339564,0.0670859538784067,0.0551724137931034
,,,,,,,,,,,,,,,,,,,,,,,,,,,,,,,,,,,,,,,,,,,,,,,,,,,,,,,,,,,,,,,,,,,,,,,,,,,,,,,,,,,,,,,,,,,,,,,,,,,,,
EPS,,,,,,,,,,,,,,,,,,,,,,,,,,,,,,,,,,,,,,,,,,,,,,,,,,,,,,,,,,,,,,,,,,,,,,,,,,,,,,,,,,,,,,,,,,,,,,,,,,,,,
,EPS,0.257374631268437,-0.00344,-1.116811,-1.142597,0.412617,0.444361,0.83593,-0.20569,-0.9385,0.16968,0.83759,0.89368,1.20063,1.04037,0.97735,0.87,0.68683,0.47826,-0.37,0.0934905928612542,0.48,0.49,0.395,0.34,0.235,0.25
,EPSDiluted,0.257374631268437,-0.00344,-1.13,-1.15,0.412617,0.44,0.83593,-0.20569,-0.9385,0.16968,0.83759,0.89368,1.20063,1.04037,0.97735,0.81,0.68683,0.47826,-0.37,0.0900488543214099,0.46,0.455,0.385,0.325,0.235,0.14
,weightedAverageShsOut,66444000.0,61632000.0,60550093.0,58905274.0,57600609.0,48926417.0,47139000.0,45744000.0,43931000.0,42325000.0,40858000.0,33020000.0,30772000.0,30232000.0,28589000.0,27133000.0,26749000.0,26257000.0,26015702.0,23071840.0,21379015.0,16193000.0,15953696.0,15602424.0,13404828.0,6400000.0
,weightedAverageShsOutDil,66444000.0,61632000.0,60550093.0,58905274.0,57600609.0,49445000.0,47139000.0,45744000.0,43931000.0,42325000.0,40858000.0,33020000.0,30772000.0,30232000.0,28589000.0,28857000.0,26749000.0,26257000.0,26015702.0,23953664.0,22536982.0,17422444.0,16345320.0,16349988.0,13404828.0,11428571.0
