Date,2018-12-31,2017-12-31,2016-12-31,2015-12-31,2014-12-31,2013-12-31,2012-12-31,2011-12-31,2010-12-31,2009-12-31
Revenue,3831000000.0,3304200000.0,2810000000.0,2627500000.0,2851000000.0,2720500000.0,2477400000.0,2794100000.0,2175700000.0,1491500000.0
Revenue Growth,0.159433448338478,0.175871886120996,0.0694576593720266,-0.078393546124167,0.0479691233229186,0.0981270687010576,-0.113345979027236,0.284230362641908,0.45873281930942,-0.4237
Cost of Revenue,2658500000.0,2290400000.0,1935900000.0,1842000000.0,1979300000.0,1911400000.0,1737200000.0,1986100000.0,1556600000.0,1163700000.0
Gross Profit,1172500000.0,1013800000.0,874100000.0,785500000.0,871700000.0,809100000.0,740200000.0,808000000.0,615100000.0,327800000.0
R&D Expenses,184400000.0,147000000.0,135200000.0,139500000.0,145000000.0,119400000.0,104300000.0,105100000.0,85900000.0,75200000.0
SG&A Expense,476000000.0,411200000.0,377700000.0,368400000.0,386800000.0,352800000.0,308200000.0,327200000.0,307400000.0,271700000.0
Operating Expenses,660400000.0,558200000.0,512900000.0,507900000.0,531800000.0,472200000.0,412500000.0,432300000.0,393300000.0,342700000.0
Operating Income,512500000.0,435000000.0,355900000.0,270900000.0,331000000.0,331900000.0,324500000.0,369900000.0,217600000.0,-14900000.0
Interest Expense,0.0,0.0,0.0,0.0,0.0,0.0,0.0,0.0,0.0,-500000.0
Earnings before Tax,463700000.0,652600000.0,369100000.0,297500000.0,356800000.0,640900000.0,336100000.0,404900000.0,-177300000.0,8100000.0
Income Tax Expense,49300000.0,229700000.0,121800000.0,11500000.0,55600000.0,-21000000.0,23600000.0,36700000.0,36900000.0,-10700000.0
Net Income - Non-Controlling int,0.0,0.0,0.0,0.0,0.0,0.0,0.0,0.0,0.0,5100000.0
Net Income - Discontinued ops,0.0,0.0,0.0,0.0,0.0,0.0,0.0,0.0,0.0,0.0
Net Income,394100000.0,406100000.0,223000000.0,275200000.0,291500000.0,653200000.0,302000000.0,357000000.0,-226100000.0,18800000.0
Preferred Dividends,0.0,0.0,0.0,0.0,0.0,0.0,0.0,0.0,0.0,0.0
Net Income Com,394100000.0,406100000.0,223000000.0,275200000.0,291500000.0,653200000.0,302000000.0,357000000.0,-226100000.0,18800000.0
EPS,7.46,7.53,4.0,4.76,4.87,10.46,4.73,5.35,-3.5,0.29
EPS Diluted,7.43,7.5,3.98,4.72,4.81,10.31,4.62,5.19,-3.5,0.29
Weighted Average Shs Out,52846962.0,53903938.0,55695738.0,57768018.0,59907763.0,62474493.0,63906992.0,66693064.0,64562222.0,64069176.0
Weighted Average Shs Out (Dil),53062573.0,54139815.0,55981816.0,58274987.0,60546454.0,63382564.0,65323389.0,68829440.0,64562222.0,64024237.0
Dividend per Share,0.107420346918,0.13114193316,0.119681719507,0.109824134324,0.0924909656972,0.0883523740062,0.0841964889482,0.0,0.066602416503,0.07
Gross Margin,0.306055860089,0.306821620967,0.311067615658,0.298953377735,0.30575236759,0.297408564602,0.29878098006,0.289180773773,0.282713609413,0.2198
EBITDA Margin,0.166327329679,0.164063918649,0.16153024911,0.139904852521,0.151736232901,0.153317404889,0.162024703318,0.160373644465,0.138300317139,0.065
EBIT Margin,0.133777081702,0.131650626475,0.12665480427,0.103101807802,0.11609961417,0.121999632421,0.13098409623,0.132386099281,0.100013788666,0.0051
Profit Margin,0.102871312973,0.122904182556,0.079359430605,0.104738344434,0.102244826377,0.240102922257,0.121901994026,0.127769228016,-0.103920577285,0.013
Free Cash Flow margin,0.0914382667711,0.0958779734883,0.107259786477,0.116308277831,0.0668537355314,0.204999081051,0.107612819892,0.083640528256,-0.117525394126,0.0536
EBITDA,637200000.0,542100000.0,453900000.0,367600000.0,432600000.0,417100000.0,401400000.0,448100000.0,300900000.0,97200000.0
EBIT,512500000.0,435000000.0,355900000.0,270900000.0,331000000.0,331900000.0,324500000.0,369900000.0,217600000.0,7600000.0
Consolidated Income,394100000.0,406100000.0,223000000.0,275200000.0,291500000.0,653200000.0,302000000.0,357000000.0,-226100000.0,23900000.0
Earnings Before Tax Margin,0.121038893239,0.197506204225,0.131352313167,0.113225499524,0.125149070502,0.235581694541,0.135666424477,0.144912494184,-0.0814910143862,0.0054
Net Profit Margin,0.102871312973,0.122904182556,0.079359430605,0.104738344434,0.102244826377,0.240102922257,0.121901994026,0.127769228016,-0.103920577285,0.0126
