date,,2020-12-31_FY,2019-12-31_FY,2018-12-31_FY,2017-12-31_FY,2016-12-31_FY,2015-12-31_FY,2014-12-31_FY,2013-12-31_FY,2012-12-31_FY,2011-12-31_FY,2010-12-31_FY,2009-12-31_FY,2008-12-31_FY,2007-12-31_FY,2006-12-31_FY,2005-12-31_FY,2004-12-31_FY,2002-12-31_FY,2001-12-31_FY,2000-12-31_FY,1999-12-31_FY,1998-12-31_FY,1997-12-31_FY,1996-12-31_FY
,revenue,253699000.0,268403000.0,274116000.0,237399000.0,219446000.0,298942000.0,183762000.0,149468000.0,84798000.0,65160000.0,41612000.0,22100000.0,22100000.0,18200000.0,1700000.0,0.0,0.0,0.0,5929994.0,19778804.0,17505409.0,15348179.0,15450150.0,13044111.0
,costOfRevenue,0.0,142263000.0,131201000.0,123637000.0,104346000.0,116010000.0,75378000.0,71286000.0,46253000.0,0.0,33479000.0,0.0,0.0,0.0,3600000.0,0.0,0.0,0.0,0.0,0.0,0.0,0.0,0.0,0.0
,grossProfit,253699000.0,126140000.0,142915000.0,113762000.0,115100000.0,182932000.0,108384000.0,78182000.0,38545000.0,65160000.0,8133000.0,0.0,0.0,0.0,-1800000.0,0.0,0.0,0.0,0.0,0.0,0.0,0.0,0.0,0.0
,grossProfitRatio,1.0,0.46996494077935,0.521366866582031,0.47920168155721,0.524502611120731,0.61193141144436,0.589806379991511,0.523068482885969,0.454550814877709,1.0,0.195448428337979,0.0,0.0,0.0,-1.05882352941176,0.0,0.0,0.0,0.0,0.0,0.0,0.0,0.0,0.0
,,,,,,,,,,,,,,,,,,,,,,,,,,,,,,,,,,,,,,,,,,,,,,,,,,,,,,,,,,,,,,,,,,,,,,,,,,,,,,,,,,,,,,,,,,,,,,,,,,,,,
COST And EXPENSES,,,,,,,,,,,,,,,,,,,,,,,,,,,,,,,,,,,,,,,,,,,,,,,,,,,,,,,,,,,,,,,,,,,,,,,,,,,,,,,,,,,,,,,,,,,,,,,,,,,,,
,ResearchAndDevelopmentExpenses,0.0,0.0,0.0,0.0,0.0,0.0,0.0,0.0,0.0,0.0,0.0,0.0,0.0,0.0,0.0,0.0,0.0,0.0,0.0,0.0,0.0,0.0,0.0,0.0
,GeneralAndAdministrativeExpenses,11329000.0,11943000.0,14187000.0,15501000.0,11903000.0,11366000.0,11156000.0,5532000.0,6022000.0,45829000.0,4897000.0,40500000.0,48100000.0,44900000.0,0.0,0.0,0.0,0.0,2666450.0,5494521.0,5291648.0,4964069.0,4222386.0,3885348.0
,SellingAndMarketingExpenses,11128000.0,37407000.0,37648000.0,31606000.0,31007000.0,25003000.0,18329000.0,16151000.0,14417000.0,8078000.0,8747000.0,0.0,0.0,0.0,0.0,0.0,0.0,0.0,0.0,0.0,0.0,0.0,0.0,0.0
,otherExpenses,187489000.0,-14795000.0,12015000.0,0.0,0.0,0.0,0.0,0.0,-3264000.0,0.0,0.0,2400000.0,2300000.0,1100000.0,18100000.0,4500000.0,1100000.0,0.0,0.0,0.0,0.0,0.0,0.0,0.0
,operatingExpenses,198617000.0,71704000.0,70182000.0,55570000.0,51124000.0,43562000.0,34836000.0,26645000.0,23722000.0,62068000.0,15682000.0,43300000.0,50700000.0,46000000.0,18000000.0,4500000.0,1100000.0,1101367.0,9136022.0,27419064.0,26007762.0,23382892.0,20479781.0,16410801.0
,costAndExpenses,198617000.0,213967000.0,201383000.0,179207000.0,155470000.0,159572000.0,110214000.0,97931000.0,69975000.0,62068000.0,49161000.0,43300000.0,50700000.0,46000000.0,21600000.0,4500000.0,1100000.0,1101367.0,9136022.0,27419064.0,26007762.0,23382892.0,20479781.0,16410801.0
,interestExpense,9668000.0,11240000.0,7962000.0,0.0,0.0,0.0,0.0,0.0,0.0,0.0,0.0,0.0,1500000.0,2700000.0,400000.0,300000.0,0.0,0.0,0.0,0.0,0.0,0.0,0.0,0.0
,,,,,,,,,,,,,,,,,,,,,,,,,,,,,,,,,,,,,,,,,,,,,,,,,,,,,,,,,,,,,,,,,,,,,,,,,,,,,,,,,,,,,,,,,,,,,,,,,,,,,
EBITDA,,,,,,,,,,,,,,,,,,,,,,,,,,,,,,,,,,,,,,,,,,,,,,,,,,,,,,,,,,,,,,,,,,,,,,,,,,,,,,,,,,,,,,,,,,,,,,,,,,,,,
,depreciationAndAmortization,3182000.0,1045000.0,1301000.0,1395000.0,1305000.0,1006000.0,821000.0,439000.0,307000.0,267000.0,314000.0,600000.0,700000.0,100000.0,0.0,0.0,0.0,103545.0,468159.0,557802.0,523715.0,321280.0,343305.0,198959.0
,EBITDA,58264000.0,55481000.0,74034000.0,59587000.0,65281000.0,140376000.0,74369000.0,51976000.0,15130000.0,3359000.0,-7235000.0,-20600000.0,-27900000.0,-27700000.0,-18900000.0,-3800000.0,-1000000.0,-997822.0,-2737869.0,-7082458.0,-7978638.0,-7713433.0,-4686326.0,-3167731.0
,EBITDARatio,0.229657980520223,0.206707823683044,0.270082738694567,0.250999372364669,0.297480929249109,0.469576038161249,0.404702822128623,0.347739984478283,0.178424019434421,0.0515500306936771,-0.173868114966836,-0.932126696832579,-1.26244343891403,-1.52197802197802,-11.117647,0.0,0.0,0.0,-0.46169844353974,-0.358083228894932,-0.455781295941157,-0.502563398563439,-0.303319126351524,-0.242847596129778
,,,,,,,,,,,,,,,,,,,,,,,,,,,,,,,,,,,,,,,,,,,,,,,,,,,,,,,,,,,,,,,,,,,,,,,,,,,,,,,,,,,,,,,,,,,,,,,,,,,,,
INCOME,,,,,,,,,,,,,,,,,,,,,,,,,,,,,,,,,,,,,,,,,,,,,,,,,,,,,,,,,,,,,,,,,,,,,,,,,,,,,,,,,,,,,,,,,,,,,,,,,,,,,
,operatingIncome,55082000.0,54436000.0,72733000.0,58192000.0,63976000.0,139370000.0,73548000.0,51537000.0,14823000.0,3092000.0,-7549000.0,-21200000.0,-28600000.0,-27800000.0,-19900000.0,-4500000.0,-1100000.0,-1101367.0,-3206028.0,-7640260.0,-8502353.0,-8034713.0,-5029631.0,-3366690.0
,operatingIncomeRatio,0.21711555820086,0.202814424577967,0.265336572837777,0.245123189229946,0.291534135960555,0.466210836884747,0.400235086688216,0.344802900955388,0.174803651029505,0.0474524248004911,-0.181414015187927,-0.959276018099548,-1.29411764705882,-1.52747252747253,-11.7058823529412,0.0,0.0,0.0,-0.540646078225374,-0.386285237469364,-0.485698620352144,-0.523496175018548,-0.325539298971207,-0.258100379550588
,totalOtherIncomeExpensesNet,3517000.0,-46407000.0,-16825000.0,0.0,-8414000.0,-2185000.0,0.0,0.0,-3440000.0,0.0,0.0,0.0,0.0,0.0,0.0,0.0,0.0,70871.0,0.0,0.0,0.0,0.0,0.0,0.0
,incomeBeforeTax,-35222000.0,121000.0,51039000.0,58192000.0,55562000.0,137185000.0,73548000.0,51537000.0,11030000.0,3092000.0,-7549000.0,-21200000.0,-27000000.0,-25100000.0,-19400000.0,-4200000.0,-1100000.0,0.0,0.0,0.0,0.0,0.0,0.0,-3189452.0
,incomeBeforeTaxRatio,-0.138833814875108,0.00045081463321945,0.186194895591647,0.245123189229946,0.253192129270982,0.458901726756361,0.400235086688216,0.344802900955388,0.130073822495814,0.0474524248004911,-0.181414015187927,-0.959276018099548,-1.22171945701357,-1.37912087912088,-11.4117647058824,0.0,0.0,0.0,0.0,0.0,0.0,0.0,0.0,-0.244512792017793
,incomeTaxExpense,433000.0,10546000.0,14406000.0,30993000.0,29407000.0,57133000.0,12497000.0,0.0,0.0,0.0,0.0,0.0,0.0,0.0,0.0,0.0,0.0,0.0,0.0,0.0,0.0,0.0,0.0,0.0
,netIncome,-35655000.0,-10425000.0,36633000.0,27199000.0,26155000.0,80052000.0,61051000.0,51537000.0,11030000.0,3092000.0,-7549000.0,-21200000.0,-27000000.0,-25100000.0,-19300000.0,-4100000.0,-1000000.0,1063933.0,-5333356.0,-3405789.0,-4192703.0,-8591870.0,-4960335.0,-3189452.0
,netIncomeRatio,-0.140540561846913,-0.0388408475315105,0.13364050256096,0.114570828015282,0.119186496905845,0.267784386268908,0.332228643571576,0.344802900955388,0.130073822495814,0.0474524248004911,-0.181414015187927,-0.959276018099548,-1.22171945701357,-1.37912087912088,-11.3529411764706,0.0,0.0,0.0,-0.899386407473599,-0.172193879872615,-0.23950899976116,-0.559797354461399,-0.321054164522675,-0.244512792017793
,,,,,,,,,,,,,,,,,,,,,,,,,,,,,,,,,,,,,,,,,,,,,,,,,,,,,,,,,,,,,,,,,,,,,,,,,,,,,,,,,,,,,,,,,,,,,,,,,,,,,
EPS,,,,,,,,,,,,,,,,,,,,,,,,,,,,,,,,,,,,,,,,,,,,,,,,,,,,,,,,,,,,,,,,,,,,,,,,,,,,,,,,,,,,,,,,,,,,,,,,,,,,,
,EPS,-0.244943804786898,-0.0686654854666289,0.249807357905145,0.202051792532723,0.194604206813937,0.59,0.46,0.41,0.09,0.03,-0.07,-0.20503,-0.26946,-0.25482,-0.24586,-0.05445,-0.04785,0.134709371551337,-0.600087469878081,-0.326228531017625,-0.47,-1.09,-0.77,-0.51
,EPSDiluted,-0.244943804786898,-0.0624337483605527,0.231247040999905,0.199988235553627,0.192970288994312,0.58,0.44,0.37,0.08,0.02,-0.07,-0.20503,-0.26946,-0.25482,-0.24586,-0.05445,-0.04785,0.123223084194695,-0.59543274509666,-0.304963084734219,-0.47,-1.09,-0.77,-0.51
,weightedAverageShsOut,145564000.0,151823000.0,146645000.0,134614000.0,134401000.0,135841000.0,131770000.0,126651000.0,122138000.0,114132000.0,111981000.0,103400000.0,100200000.0,98500000.0,78500000.0,75300000.0,20900000.0,7897988.0,8887631.0,10439887.0,9336679.0,7876509.0,6466168.0,6198260.0
,weightedAverageShsOutDil,145564000.0,166977000.0,158415000.0,136003000.0,135539000.0,137934000.0,138551000.0,139797000.0,137968000.0,135539000.0,111981000.0,103400000.0,100200000.0,98500000.0,78500000.0,75300000.0,20900000.0,8634202.0,8957109.0,11167873.0,9336679.0,7876509.0,6466168.0,6198260.0
