Date,2018-12-31,2017-12-31,2016-12-31,2015-12-31,2014-12-31,2013-12-31,2012-12-31,2011-12-31,2010-12-31,2009-12-31
Revenue,122300000.0,133785000.0,123021000.0,130936000.0,113241000.0,91825000.0,77495000.0,68909000.0,55313000.0,42553000.0
Revenue Growth,-0.0858,0.0875,-0.0604,0.1563,0.2332,0.1849,0.1246,0.2458,0.2999,-0.084
Cost of Revenue,0.0,0.0,0.0,0.0,0.0,0.0,0.0,0.0,0.0,0.0
Gross Profit,122300000.0,133785000.0,123021000.0,130936000.0,113241000.0,91825000.0,77495000.0,68909000.0,55313000.0,42553000.0
R&D Expenses,0.0,0.0,0.0,0.0,0.0,0.0,0.0,0.0,0.0,0.0
SG&A Expense,71459000.0,76649000.0,72861000.0,73932000.0,60288000.0,54382000.0,49347000.0,39975000.0,32638000.0,26883000.0
Operating Expenses,89153000.0,98297000.0,89373000.0,88716000.0,71205000.0,63640000.0,57475000.0,45800000.0,37592000.0,30235000.0
Operating Income,33147000.0,35488000.0,33648000.0,42220000.0,42036000.0,28185000.0,20020000.0,23109000.0,17721000.0,12318000.0
Interest Expense,0.0,0.0,0.0,0.0,0.0,0.0,0.0,0.0,0.0,0.0
Earnings before Tax,36462000.0,33893000.0,34010000.0,42220000.0,42036000.0,28185000.0,20020000.0,23109000.0,17721000.0,12318000.0
Income Tax Expense,9711000.0,13904000.0,11363000.0,15115000.0,14787000.0,10348000.0,7934000.0,8423000.0,6441000.0,4423000.0
Net Income - Non-Controlling int,0.0,0.0,0.0,0.0,0.0,0.0,0.0,0.0,0.0,0.0
Net Income - Discontinued ops,0.0,0.0,0.0,0.0,0.0,0.0,0.0,0.0,0.0,0.0
Net Income,26751000.0,19989000.0,22647000.0,27105000.0,27249000.0,17837000.0,12086000.0,14686000.0,11280000.0,7895000.0
Preferred Dividends,0.0,0.0,0.0,0.0,0.0,0.0,0.0,0.0,0.0,0.0
Net Income Com,26751000.0,19989000.0,22647000.0,27105000.0,27249000.0,17837000.0,12086000.0,14686000.0,11280000.0,7895000.0
EPS,3.2,2.45,2.84,3.49,3.63,2.43,1.69,2.11,1.62,1.1
EPS Diluted,3.13,2.38,2.77,3.33,3.45,2.32,1.65,2.04,1.58,1.09
Weighted Average Shs Out,9018436.0,8884421.0,8799797.0,8613907.0,8290018.0,8187529.0,8026845.0,7696093.0,7462917.0,7129037.0
Weighted Average Shs Out (Dil),8365360.0,8147742.0,7961891.0,7756647.0,7512348.0,7331874.0,7145701.0,6970382.0,6606281.0,7129037.0
Dividend per Share,2.76,2.54,2.33,2.07,1.82,1.64,1.51,1.77,1.65,1.23
Gross Margin,1.0,1.0,1.0,1.0,1.0,1.0,1.0,1.0,1.0,1.0
EBITDA Margin,0.319,0.275,0.3,0.342,0.379,0.315,0.269,0.346,0.328,0.295
EBIT Margin,0.2981,0.2533,0.2765,0.3224,0.3712,0.3069,0.2583,0.3354,0.3204,0.2895
Profit Margin,0.219,0.149,0.184,0.207,0.241,0.194,0.156,0.213,0.204,0.186
Free Cash Flow margin,0.2493,0.3501,0.3705,0.4144,0.23,0.2233,0.1705,0.2484,0.3295,0.2472
EBITDA,39001000.0,36809000.0,36939000.0,44816000.0,42974000.0,28954000.0,20841000.0,23871000.0,18150000.0,12572000.0
EBIT,36462000.0,33893000.0,34010000.0,42220000.0,42036000.0,28185000.0,20020000.0,23109000.0,17721000.0,12318000.0
Consolidated Income,26751000.0,19989000.0,22647000.0,27105000.0,27249000.0,17837000.0,12086000.0,14686000.0,11280000.0,7895000.0
Earnings Before Tax Margin,0.2981,0.2533,0.2765,0.3224,0.3712,0.3069,0.2583,0.3354,0.3204,0.2895
Net Profit Margin,0.2187,0.1494,0.1841,0.207,0.2406,0.1942,0.156,0.2131,0.2039,0.1855
