Date,2018-12-31,2017-12-31,2016-12-31,2015-12-31,2014-12-31,2013-12-31,2012-12-31,2011-12-31,2010-12-31,2009-12-31
Revenue,763173.0,10038460.0,6414800.0,139980.0,177500.0,177500.0,272098.0,190035.0,140707.0,0.0
Revenue Growth,-0.924,0.5649,44.8265,-0.2114,0.0,-0.3477,0.4318,0.3506,0.0,0.0
Cost of Revenue,15953565.0,24516863.0,13578262.0,0.0,0.0,0.0,0.0,0.0,0.0,0.0
Gross Profit,-15190392.0,-14478403.0,-7163462.0,139980.0,177500.0,177500.0,272098.0,190035.0,140707.0,0.0
R&D Expenses,7391693.0,17737737.0,6145801.0,4740331.0,3436751.0,2892505.0,62023.0,287449.0,203792.0,20223.0
SG&A Expense,11485482.0,8820211.0,6202569.0,3860618.0,2950467.0,3137288.0,3214402.0,4938100.0,2464064.0,1039161.0
Operating Expenses,18877175.0,26557948.0,12348370.0,8600949.0,6387218.0,6029793.0,4313700.0,8885161.0,5155614.0,1527284.0
Operating Income,-34067567.0,-41036351.0,-19511832.0,-8460969.0,-6209718.0,-5852293.0,-4041602.0,-8695126.0,-5014907.0,-1527284.0
Interest Expense,2434749.0,180437.0,44036.0,965884.0,398963.0,258261.0,230887.0,10585.0,13199.0,736.0
Earnings before Tax,-36502316.0,-41216788.0,-19555868.0,-9426853.0,-6608680.0,-6110554.0,-4272489.0,-8705711.0,-5028106.0,-1524923.0
Income Tax Expense,0.0,0.0,0.0,0.0,0.0,0.0,0.0,0.0,0.0,0.0
Net Income - Non-Controlling int,0.0,0.0,0.0,0.0,0.0,0.0,0.0,0.0,0.0,0.0
Net Income - Discontinued ops,0.0,0.0,0.0,0.0,0.0,0.0,0.0,0.0,0.0,0.0
Net Income,-36502316.0,-41216788.0,-19555868.0,-9426853.0,-6608680.0,-6110554.0,-4272489.0,-8705711.0,-5028106.0,-1524923.0
Preferred Dividends,765179.0,0.0,0.0,0.0,0.0,0.0,0.0,0.0,0.0,0.0
Net Income Com,-37267495.0,-41216788.0,-19555868.0,-9426853.0,-6608680.0,-6110554.0,-4272489.0,-8705711.0,-5028106.0,-1524923.0
EPS,-0.74,-1.06,-0.78,-0.55,-0.49,-0.8,-1.0,-2.6,-2.3,-62.0
EPS Diluted,-0.74,-1.06,-0.78,-0.55,-0.49,-0.8,-1.0,-2.6,-2.3,-62.0
Weighted Average Shs Out,56270934.0,41126934.0,26529357.0,18112637.0,14966793.0,8153736.0,5191424.0,3750904.0,2606790.0,4620000.0
Weighted Average Shs Out (Dil),50377909.0,38755796.0,25201261.0,17293394.0,13602884.0,7571061.0,4491522.0,3388874.0,2201905.0,24577.0
Dividend per Share,0.0,0.0,0.0,0.0,0.0,0.0,0.0,0.0,0.0,0.0
Gross Margin,-19.9043,-1.4423,-1.1167,1.0,1.0,1.0,1.0,1.0,1.0,0.0
EBITDA Margin,-44.183,-4.033,-2.982,-57.792,-32.798,-31.17,-14.62,-45.45,-35.351,
EBIT Margin,-44.6394,-4.0879,-3.0417,-60.4441,-34.9843,-32.9707,-14.8535,-45.7554,-35.6408,0.0
Profit Margin,-48.832,-4.106,-3.049,-67.344,-37.232,-34.426,-15.702,-45.811,-35.735,
Free Cash Flow margin,-28.529,-3.8657,-3.0496,-59.1903,-25.294,-15.3954,-8.1957,-31.7607,-23.4063,0.0
EBITDA,-33719228.0,-40486378.0,-19130009.0,-8089743.0,-5821711.0,-5532644.0,-3977973.0,-8637089.0,-4974174.0,-1489323.0
EBIT,-34067567.0,-41036351.0,-19511832.0,-8460969.0,-6209717.0,-5852293.0,-4041602.0,-8695126.0,-5014907.0,-1524187.0
Consolidated Income,-36502316.0,-41216788.0,-19555868.0,-9426853.0,-6608680.0,-6110554.0,-4272489.0,-8705711.0,-5028106.0,-1524923.0
Earnings Before Tax Margin,-47.8297,-4.1059,-3.0486,-67.3443,-37.232,-34.4257,-15.702,-45.8111,-35.7346,0.0
Net Profit Margin,-47.8297,-4.1059,-3.0486,-67.3443,-37.232,-34.4257,-15.702,-45.8111,-35.7346,0.0
