date,,2020-12-31_FY,2019-12-31_FY,2018-12-31_FY,2017-12-31_FY,2016-12-31_FY,2015-12-31_FY,2014-12-31_FY,2013-12-31_FY,2012-12-31_FY,2011-12-31_FY,2010-12-31_FY,2009-12-31_FY,2008-12-31_FY,2007-12-31_FY,2006-12-31_FY,2005-12-31_FY,2004-12-31_FY,2003-12-31_FY
,revenue,9352000000.0,9039000000.0,8513000000.0,8202000000.0,7887000000.0,3829000000.0,3802000000.0,3655000000.0,3480000000.0,3447000000.0,3339000000.0,3263000000.0,2834000000.0,2578000000.0,2428000000.0,2267000000.0,2275000000.0,2076000000.0
,costOfRevenue,0.0,0.0,0.0,0.0,0.0,0.0,0.0,0.0,0.0,0.0,0.0,0.0,0.0,0.0,0.0,0.0,0.0,0.0
,grossProfit,9352000000.0,0.0,0.0,0.0,0.0,0.0,0.0,0.0,0.0,0.0,0.0,0.0,0.0,0.0,0.0,0.0,0.0,0.0
,grossProfitRatio,1.0,1.0,1.0,1.0,1.0,1.0,1.0,1.0,1.0,1.0,1.0,1.0,1.0,1.0,1.0,1.0,1.0,0.0
,,,,,,,,,,,,,,,,,,,,,,,,,,,,,,,,,,,,,,,,,,,,,,,,,,,,,,,,,,,,,,,,,,,,,,,,,,,,,,,,,,,,,,,,,,,,,,,,,,,,,
COST And EXPENSES,,,,,,,,,,,,,,,,,,,,,,,,,,,,,,,,,,,,,,,,,,,,,,,,,,,,,,,,,,,,,,,,,,,,,,,,,,,,,,,,,,,,,,,,,,,,,,,,,,,,,
,ResearchAndDevelopmentExpenses,0.0,0.0,0.0,0.0,0.0,0.0,0.0,0.0,0.0,0.0,0.0,0.0,0.0,0.0,0.0,0.0,0.0,0.0
,GeneralAndAdministrativeExpenses,0.0,0.0,0.0,0.0,0.0,0.0,0.0,0.0,0.0,2087000000.0,1873000000.0,1827000000.0,0.0,0.0,0.0,0.0,0.0,0.0
,SellingAndMarketingExpenses,0.0,0.0,0.0,0.0,0.0,0.0,0.0,0.0,0.0,0.0,0.0,0.0,0.0,0.0,0.0,0.0,0.0,0.0
,otherExpenses,1758000000.0,1475000000.0,1637000000.0,1534000000.0,1551000000.0,799000000.0,659000000.0,616000000.0,581000000.0,656000000.0,566000000.0,595000000.0,605000000.0,460000000.0,454000000.0,405000000.0,0.0,0.0
,operatingExpenses,1758000000.0,2448000000.0,2379000000.0,2318000000.0,2320000000.0,970000000.0,805000000.0,765000000.0,719000000.0,2885000000.0,2584000000.0,2569000000.0,2330000000.0,1958000000.0,1876000000.0,1788000000.0,1609000000.0,1456000000.0
,costAndExpenses,1758000000.0,7710000000.0,7704000000.0,7686000000.0,7539000000.0,3402000000.0,3155000000.0,3030000000.0,3689000000.0,3052000000.0,2586000000.0,2569000000.0,2330000000.0,1958000000.0,1876000000.0,1788000000.0,1609000000.0,1456000000.0
,interestExpense,244000000.0,234000000.0,208000000.0,188000000.0,184000000.0,142000000.0,135000000.0,126000000.0,128000000.0,156000000.0,166000000.0,174000000.0,105000000.0,66000000.0,38000000.0,82000000.0,-53000000.0,-53000000.0
,,,,,,,,,,,,,,,,,,,,,,,,,,,,,,,,,,,,,,,,,,,,,,,,,,,,,,,,,,,,,,,,,,,,,,,,,,,,,,,,,,,,,,,,,,,,,,,,,,,,,
EBITDA,,,,,,,,,,,,,,,,,,,,,,,,,,,,,,,,,,,,,,,,,,,,,,,,,,,,,,,,,,,,,,,,,,,,,,,,,,,,,,,,,,,,,,,,,,,,,,,,,,,,,
,depreciationAndAmortization,308000000.0,729000000.0,747000000.0,833000000.0,769000000.0,171000000.0,146000000.0,149000000.0,138000000.0,142000000.0,145000000.0,160000000.0,90000000.0,66000000.0,63000000.0,54000000.0,47000000.0,39000000.0
,EBITDA,1491000000.0,2058000000.0,1556000000.0,1349000000.0,1117000000.0,598000000.0,793000000.0,774000000.0,-71000000.0,537000000.0,898000000.0,854000000.0,594000000.0,686000000.0,615000000.0,533000000.0,713000000.0,659000000.0
,EBITDARatio,0.159431137724551,0.227680053103219,0.182779278750147,0.164472079980493,0.141625459617091,0.15617654740141,0.208574434508154,0.211764705882353,-0.0204022988505747,0.155787641427328,0.268942797244684,0.261722341403616,0.209597741707833,0.266097750193949,0.25329489291598,0.235112483458315,0.313406593406593,0.317437379576108
,,,,,,,,,,,,,,,,,,,,,,,,,,,,,,,,,,,,,,,,,,,,,,,,,,,,,,,,,,,,,,,,,,,,,,,,,,,,,,,,,,,,,,,,,,,,,,,,,,,,,
INCOME,,,,,,,,,,,,,,,,,,,,,,,,,,,,,,,,,,,,,,,,,,,,,,,,,,,,,,,,,,,,,,,,,,,,,,,,,,,,,,,,,,,,,,,,,,,,,,,,,,,,,
,operatingIncome,1183000000.0,1329000000.0,809000000.0,516000000.0,348000000.0,427000000.0,647000000.0,625000000.0,-209000000.0,395000000.0,753000000.0,694000000.0,504000000.0,620000000.0,552000000.0,479000000.0,666000000.0,620000000.0
,operatingIncomeRatio,0.126497005988024,0.147029538665782,0.0950311288617409,0.0629114850036576,0.0441232407759604,0.111517367458867,0.170173592845871,0.170998632010944,-0.0600574712643678,0.114592399187699,0.225516621743037,0.212687710695679,0.177840508115737,0.240496508921645,0.227347611202636,0.211292456991619,0.292747252747253,0.298651252408478
,totalOtherIncomeExpensesNet,399000000.0,234000000.0,280000000.0,222000000.0,203000000.0,0.0,6000000.0,0.0,0.0,0.0,0.0,0.0,0.0,0.0,0.0,0.0,-17000000.0,0.0
,incomeBeforeTax,1338000000.0,1322000000.0,851000000.0,492000000.0,342000000.0,340000000.0,518000000.0,499000000.0,-337000000.0,239000000.0,587000000.0,520000000.0,399000000.0,554000000.0,514000000.0,449000000.0,627000000.0,567000000.0
,incomeBeforeTaxRatio,0.143071000855432,0.146255116716451,0.0999647597791613,0.0599853694220922,0.0433624952453404,0.0887960302951162,0.136244082062073,0.136525307797538,-0.0968390804597701,0.0693356541920511,0.175801138065289,0.159362549800797,0.140790402258292,0.214895267649341,0.21169686985173,0.198059108954565,0.275604395604396,0.273121387283237
,incomeTaxExpense,-318000000.0,249000000.0,136000000.0,-100000000.0,-96000000.0,-33000000.0,159000000.0,122000000.0,101000000.0,32000000.0,140000000.0,96000000.0,97000000.0,144000000.0,63000000.0,152000000.0,208000000.0,159000000.0
,netIncome,1020000000.0,1044000000.0,695000000.0,568000000.0,420000000.0,373000000.0,362000000.0,365000000.0,-446000000.0,204000000.0,455000000.0,438000000.0,304000000.0,409000000.0,449000000.0,300000000.0,427000000.0,414000000.0
,netIncomeRatio,0.109067579127459,0.115499502157318,0.0816398449430283,0.0692514020970495,0.0532521871434005,0.0974144685296422,0.0952130457653866,0.0998632010943912,-0.12816091954023,0.0591818973020017,0.136268343815514,0.134232301562979,0.10726887791108,0.158650116369279,0.18492586490939,0.132333480370534,0.187692307692308,0.199421965317919
,,,,,,,,,,,,,,,,,,,,,,,,,,,,,,,,,,,,,,,,,,,,,,,,,,,,,,,,,,,,,,,,,,,,,,,,,,,,,,,,,,,,,,,,,,,,,,,,,,,,,
EPS,,,,,,,,,,,,,,,,,,,,,,,,,,,,,,,,,,,,,,,,,,,,,,,,,,,,,,,,,,,,,,,,,,,,,,,,,,,,,,,,,,,,,,,,,,,,,,,,,,,,,
,EPS,7.68,8.03077,5.26515,4.17647,3.04348,5.4058,5.30015,5.39941,-6.83002,3.07229,7.04334,6.8652,5.43828,7.36937,7.53356,4.87805,6.73502,6.48903
,EPSDiluted,7.650000019125,8.03077,5.26515,4.17647,3.04348,5.4058,5.30015,5.39941,-6.83002,3.07229,7.04334,6.8652,5.43828,7.36937,7.53356,4.87805,6.73502,6.48903
,weightedAverageShsOut,132812500.0,130000000.0,132000000.0,136000000.0,138000000.0,69000000.0,68300000.0,67600000.0,65300000.0,66400000.0,64600000.0,63800000.0,55900000.0,55500000.0,59600000.0,61500000.0,63400000.0,63800000.0
,weightedAverageShsOutDil,133333333.0,130000000.0,132000000.0,136000000.0,138000000.0,69000000.0,68300000.0,67600000.0,65300000.0,66400000.0,64600000.0,63800000.0,55900000.0,55500000.0,59600000.0,61500000.0,63400000.0,63800000.0
