date,,2020-12-31_FY,2019-12-31_FY,2018-12-31_FY,2017-12-31_FY,2016-12-31_FY,2015-12-31_FY,2014-12-31_FY,2013-12-31_FY,2012-12-31_FY,2011-12-31_FY,2010-12-31_FY,2009-12-31_FY,2008-12-31_FY,2007-12-31_FY,2006-12-31_FY,2005-12-31_FY,2004-12-31_FY,2003-12-31_FY,2002-12-31_FY,2001-12-31_FY,2000-12-31_FY,1999-12-31_FY,1998-12-31_FY,1997-12-31_FY,1996-12-31_FY,1995-12-31_FY,1994-12-31_FY
,revenue,7719000000.0,8201000000.0,8686000000.0,8031000000.0,7499000000.0,7360000000.0,7637000000.0,6860000000.0,7486000000.0,7930000000.0,9616000000.0,8255000000.0,12352000000.0,10558000000.0,11812900000.0,12583600000.0,12461300000.0,16834100000.0,5608400000.0,11034700000.0,10398000000.0,8593100000.0,7658300000.0,4409600000.0,3531200000.0,2855700000.0,1751100000.0
,costOfRevenue,1545000000.0,3780000000.0,4569000000.0,4036000000.0,3488000000.0,3517000000.0,4192000000.0,3842000000.0,4252000000.0,5550000000.0,7185000000.0,6081000000.0,9156000000.0,8079000000.0,0.0,0.0,0.0,0.0,0.0,0.0,0.0,0.0,0.0,0.0,0.0,0.0,0.0
,grossProfit,6174000000.0,4421000000.0,4117000000.0,3995000000.0,4011000000.0,3843000000.0,3445000000.0,3018000000.0,3234000000.0,2380000000.0,2431000000.0,2174000000.0,3196000000.0,2479000000.0,0.0,0.0,0.0,0.0,0.0,0.0,0.0,0.0,0.0,0.0,0.0,0.0,0.0
,grossProfitRatio,0.799844539448115,0.539080599926838,0.473981119042137,0.497447391358486,0.53487131617549,0.522146739130435,0.451093361267513,0.439941690962099,0.432006411969009,0.300126103404792,0.252807820299501,0.2633555420957,0.258743523316062,0.23479825724569,0.0,0.0,0.0,0.0,0.0,0.0,0.0,0.0,0.0,0.0,0.0,0.0,0.0
,,,,,,,,,,,,,,,,,,,,,,,,,,,,,,,,,,,,,,,,,,,,,,,,,,,,,,,,,,,,,,,,,,,,,,,,,,,,,,,,,,,,,,,,,,,,,,,,,,,,,
COST And EXPENSES,,,,,,,,,,,,,,,,,,,,,,,,,,,,,,,,,,,,,,,,,,,,,,,,,,,,,,,,,,,,,,,,,,,,,,,,,,,,,,,,,,,,,,,,,,,,,,,,,,,,,
,ResearchAndDevelopmentExpenses,0.0,0.0,0.0,0.0,0.0,0.0,0.0,0.0,0.0,0.0,0.0,0.0,0.0,0.0,0.0,0.0,0.0,0.0,0.0,0.0,0.0,0.0,0.0,0.0,0.0,0.0,0.0
,GeneralAndAdministrativeExpenses,466000000.0,558000000.0,569000000.0,608000000.0,723000000.0,741000000.0,661000000.0,512000000.0,571000000.0,512000000.0,719000000.0,512000000.0,653000000.0,632000000.0,581300000.0,480300000.0,475300000.0,499200000.0,723900000.0,934900000.0,1138300000.0,1372600000.0,1204900000.0,831000000.0,626900000.0,526500000.0,257200000.0
,SellingAndMarketingExpenses,0.0,0.0,0.0,0.0,0.0,0.0,0.0,0.0,0.0,0.0,0.0,0.0,0.0,0.0,0.0,0.0,0.0,0.0,0.0,0.0,0.0,0.0,0.0,0.0,0.0,0.0,0.0
,otherExpenses,860000000.0,33000000.0,92000000.0,-2000000.0,74000000.0,102000000.0,31000000.0,0.0,-2000000.0,0.0,0.0,0.0,0.0,0.0,0.0,0.0,0.0,0.0,0.0,0.0,0.0,0.0,0.0,0.0,0.0,0.0,0.0
,operatingExpenses,1326000000.0,2034000000.0,2143000000.0,2273000000.0,2445000000.0,2645000000.0,2108000000.0,1643000000.0,1622000000.0,512000000.0,695000000.0,693000000.0,653000000.0,632000000.0,10774000000.0,11351300000.0,11227000000.0,15656000000.0,4644400000.0,8613800000.0,8627900000.0,7730600000.0,6737300000.0,3451000000.0,2691000000.0,2268600000.0,1444900000.0
,costAndExpenses,5517000000.0,5814000000.0,6712000000.0,6309000000.0,5933000000.0,6162000000.0,6300000000.0,5485000000.0,5874000000.0,6062000000.0,7880000000.0,6774000000.0,9809000000.0,8711000000.0,10774000000.0,11351300000.0,11227000000.0,15656000000.0,4644400000.0,8613800000.0,8627900000.0,7730600000.0,6737300000.0,3451000000.0,2691000000.0,2268600000.0,1444900000.0
,interestExpense,1172000000.0,1186000000.0,1112000000.0,1083000000.0,1179000000.0,1044000000.0,747000000.0,510000000.0,509000000.0,598000000.0,632000000.0,585000000.0,594000000.0,653000000.0,0.0,0.0,0.0,0.0,0.0,0.0,0.0,0.0,0.0,0.0,0.0,0.0,0.0
,,,,,,,,,,,,,,,,,,,,,,,,,,,,,,,,,,,,,,,,,,,,,,,,,,,,,,,,,,,,,,,,,,,,,,,,,,,,,,,,,,,,,,,,,,,,,,,,,,,,,
EBITDA,,,,,,,,,,,,,,,,,,,,,,,,,,,,,,,,,,,,,,,,,,,,,,,,,,,,,,,,,,,,,,,,,,,,,,,,,,,,,,,,,,,,,,,,,,,,,,,,,,,,,
,depreciationAndAmortization,1721000000.0,0.0,0.0,0.0,0.0,0.0,0.0,0.0,0.0,0.0,0.0,0.0,0.0,0.0,0.0,0.0,0.0,0.0,0.0,0.0,0.0,0.0,0.0,0.0,0.0,0.0,0.0
,EBITDA,3923000000.0,4509000000.0,4187000000.0,3890000000.0,3800000000.0,3373000000.0,5232000000.0,2324000000.0,2477000000.0,3507000000.0,3294000000.0,2950000000.0,3679000000.0,2839000000.0,1843700000.0,2019500000.0,2068000000.0,1886000000.0,2230700000.0,3359600000.0,1947300000.0,1553000000.0,1756400000.0,1485600000.0,1193400000.0,878800000.0,376300000.0
,EBITDARatio,0.508226454203912,0.5498109986587,0.482040064471563,0.484373054414145,0.506734231230831,0.458288043478261,0.685085766662302,0.338775510204082,0.330884317392466,0.442244640605296,0.342554076539101,0.357359176256814,0.297846502590674,0.268895624171245,0.156075138196379,0.160486665183254,0.165953792942951,0.112034501398946,0.397742671706726,0.304457755987929,0.187276399307559,0.180726396760191,0.229345938393638,0.336901306240929,0.337958767557771,0.307735406380222,0.214893495517104
,,,,,,,,,,,,,,,,,,,,,,,,,,,,,,,,,,,,,,,,,,,,,,,,,,,,,,,,,,,,,,,,,,,,,,,,,,,,,,,,,,,,,,,,,,,,,,,,,,,,,
INCOME,,,,,,,,,,,,,,,,,,,,,,,,,,,,,,,,,,,,,,,,,,,,,,,,,,,,,,,,,,,,,,,,,,,,,,,,,,,,,,,,,,,,,,,,,,,,,,,,,,,,,
,operatingIncome,2202000000.0,2387000000.0,1974000000.0,1722000000.0,1566000000.0,1198000000.0,1337000000.0,1375000000.0,1612000000.0,1868000000.0,1736000000.0,1481000000.0,2543000000.0,1847000000.0,1038900000.0,1232300000.0,1234300000.0,1178100000.0,964000000.0,2420900000.0,1770100000.0,862500000.0,921000000.0,958600000.0,840200000.0,587100000.0,306200000.0
,operatingIncomeRatio,0.2852701127089,0.291062065601756,0.227262261109832,0.214419125887187,0.208827843712495,0.162771739130435,0.175068744271311,0.200437317784257,0.215335292546086,0.235561160151324,0.180532445923461,0.179406420351302,0.205877590673575,0.174938435309718,0.0879462282758679,0.0979290505101879,0.0990506608459791,0.0699829512715262,0.171885029598459,0.219389743264429,0.170234660511637,0.100371228078342,0.120261676873458,0.217389332365747,0.237936112369733,0.205588822355289,0.174861515618754
,totalOtherIncomeExpensesNet,22000000.0,-137000000.0,-531000000.0,-104000000.0,-762000000.0,-1867000000.0,2994000000.0,215000000.0,186000000.0,-93000000.0,-2101000000.0,47000000.0,98000000.0,177000000.0,104600000.0,-34500000.0,-155700000.0,136000000.0,-380700000.0,-141000000.0,654700000.0,51500000.0,-189100000.0,-27500000.0,58200000.0,77700000.0,80200000.0
,incomeBeforeTax,277000000.0,1064000000.0,331000000.0,535000000.0,-375000000.0,-1713000000.0,3584000000.0,1080000000.0,1289000000.0,1202000000.0,-946000000.0,943000000.0,2047000000.0,1371000000.0,539100000.0,531300000.0,224500000.0,51600000.0,-696500000.0,1465600000.0,1427200000.0,323000000.0,257000000.0,528500000.0,545400000.0,401400000.0,246600000.0
,incomeBeforeTaxRatio,0.0358854773934447,0.129740275576149,0.0381072991020032,0.0666168596687835,-0.0500066675556741,-0.232744565217391,0.46929422548121,0.157434402332362,0.172188084424259,0.151576292559899,-0.0983777038269551,0.114233797698365,0.165722150259067,0.129854139041485,0.0456365498734434,0.0422216217934454,0.0180157768451125,0.00306520693116947,-0.124188716924613,0.13281738515773,0.137257164839392,0.0375882975875994,0.0335583615162634,0.119852140783745,0.154451744449479,0.140560983296565,0.140825766660956
,incomeTaxExpense,79000000.0,335000000.0,138000000.0,-1974000000.0,-25000000.0,-399000000.0,1249000000.0,401000000.0,360000000.0,124000000.0,-30000000.0,359000000.0,713000000.0,524000000.0,206300000.0,213900000.0,131300000.0,36400000.0,-195000000.0,630200000.0,554000000.0,161200000.0,110400000.0,178000000.0,183100000.0,102000000.0,81700000.0
,netIncome,198000000.0,850000000.0,-155000000.0,2174000000.0,-424000000.0,-571000000.0,2114000000.0,430000000.0,859000000.0,376000000.0,-1097000000.0,285000000.0,1418000000.0,990000000.0,308500000.0,313600000.0,163700000.0,-492200000.0,-754700000.0,-477700000.0,524300000.0,221400000.0,127500000.0,271400000.0,362300000.0,1318200000.0,246700000.0
,netIncomeRatio,0.0256509910610183,0.103645896841849,-0.0178448077365876,0.270701033495206,-0.0565408721162822,-0.0775815217391304,0.276810265811182,0.0626822157434402,0.114747528720278,0.0474148802017655,-0.114080698835275,0.0345245305875227,0.114799222797927,0.0937677590452737,0.0261155177814085,0.0249213261705712,0.0131366711338303,-0.0292382723163103,-0.134566008130661,-0.0432907102141427,0.050423158299673,0.0257648578510666,0.0166486034759672,0.0615475326560232,0.102599682827367,0.461603109570333,0.140882873622295
,,,,,,,,,,,,,,,,,,,,,,,,,,,,,,,,,,,,,,,,,,,,,,,,,,,,,,,,,,,,,,,,,,,,,,,,,,,,,,,,,,,,,,,,,,,,,,,,,,,,,
EPS,,,,,,,,,,,,,,,,,,,,,,,,,,,,,,,,,,,,,,,,,,,,,,,,,,,,,,,,,,,,,,,,,,,,,,,,,,,,,,,,,,,,,,,,,,,,,,,,,,,,,
,EPS,0.163109022729819,0.701298722728762,-0.128926,2.631961,-0.565333,-0.762349799732977,2.829987,0.629575,1.26138,0.64,-1.875214,0.490431424780726,2.44,1.66,0.52,0.55,0.31,-1.01,-1.63,-0.959999999356919,1.18,0.5,0.28,0.81,1.085,6.385,1.16
,EPSDiluted,0.162918043173281,0.700158400541675,-0.16,2.62,-0.57,-0.762074069328721,2.829987,0.62,1.26138,0.63,-1.88,0.483554891963657,2.4,1.63,0.51,0.53,0.31,-1.01,-1.63,-0.950000000497174,1.17,0.5,0.28,0.8,1.07,6.24,1.16
,weightedAverageShsOut,1213912000.0,1212037000.0,1210000000.0,826000000.0,750000000.0,749000000.0,747000000.0,683000000.0,681000000.0,588553000.0,585000000.0,581121000.0,581342000.0,596174000.0,595053000.0,570420000.0,528064516.0,516534653.0,518282209.0,497604167.0,444322034.0,434800000.0,430000000.0,322962963.0,324331797.0,295927711.0,205086207.0
,weightedAverageShsOutDil,1215335000.0,1214011000.0,1210000000.0,828518000.0,750673000.0,749271000.0,747000000.0,687185000.0,681000000.0,598175000.0,585000000.0,589385000.0,592719000.0,609866000.0,608627000.0,605847000.0,528064516.0,516534653.0,518282209.0,502842105.0,448119658.0,434800000.0,430000000.0,327000000.0,328878505.0,306259352.0,205086207.0
