Date,2018-12-31,2017-12-31,2016-12-31,2015-12-31,2014-12-31,2013-12-31,2012-12-31,2011-12-31,2010-12-31,2009-12-31
Revenue,2310000000.0,1336000000.0,693000000.0,1888000000.0,3493000000.0,2761000000.0,3189000000.0,3882000000.0,3935000000.0,3681000000.0
Revenue Growth,0.729041916167665,0.927849927849928,-0.632944915254237,-0.459490409390209,0.265121332850417,-0.134211351520853,-0.178516228748068,-0.0134688691232529,0.0690029883183917,-0.4048
Cost of Revenue,1188000000.0,755000000.0,956000000.0,3541000000.0,2467000000.0,3464000000.0,2804000000.0,2354000000.0,2470000000.0,2124000000.0
Gross Profit,1122000000.0,581000000.0,-263000000.0,-1653000000.0,1026000000.0,-703000000.0,385000000.0,1528000000.0,1465000000.0,1557000000.0
R&D Expenses,75000000.0,101000000.0,42000000.0,111000000.0,173000000.0,431000000.0,83000000.0,126000000.0,57000000.0,54000000.0
SG&A Expense,182000000.0,174000000.0,214000000.0,249000000.0,271000000.0,289000000.0,287000000.0,275000000.0,242000000.0,251000000.0
Operating Expenses,568000000.0,538000000.0,468000000.0,647000000.0,700000000.0,1045000000.0,665000000.0,1670000000.0,2288000000.0,1207000000.0
Operating Income,554000000.0,43000000.0,-731000000.0,-2300000000.0,326000000.0,-1748000000.0,-280000000.0,-142000000.0,-823000000.0,350000000.0
Interest Expense,163000000.0,188000000.0,207000000.0,187000000.0,123000000.0,108000000.0,102000000.0,117000000.0,124000000.0,100000000.0
Earnings before Tax,316000000.0,-159000000.0,-937000000.0,-2554000000.0,204000000.0,-1191000000.0,-233000000.0,-376000000.0,-1247000000.0,230000000.0
Income Tax Expense,74000000.0,-148000000.0,-325000000.0,-915000000.0,75000000.0,-655000000.0,-111000000.0,-74000000.0,44000000.0,96000000.0
Net Income - Non-Controlling int,0.0,0.0,0.0,0.0,0.0,0.0,0.0,10000000.0,8000000.0,6000000.0
Net Income - Discontinued ops,0.0,0.0,0.0,0.0,0.0,0.0,0.0,142000000.0,346000000.0,7000000.0
Net Income,151000000.0,-16000000.0,-601000000.0,-1727000000.0,164000000.0,-1185000000.0,-223000000.0,-302000000.0,-1291000000.0,134000000.0
Preferred Dividends,8000000.0,15000000.0,18000000.0,9000000.0,0.0,0.0,0.0,0.0,0.0,0.0
Net Income Com,151000000.0,-16000000.0,-601000000.0,-1727000000.0,164000000.0,-1185000000.0,-223000000.0,-302000000.0,-1291000000.0,134000000.0
EPS,0.35,-0.08,-2.05,-7.42,0.81,-5.91,-1.12,-1.53,-6.55,0.68
EPS Diluted,0.35,-0.08,-2.05,-7.42,0.8,-5.91,-1.12,-1.53,-6.55,0.68
Weighted Average Shs Out,408400000.0,395100000.0,313300000.0,234200000.0,202700000.0,200500000.0,198800000.0,198628120.0,,
Weighted Average Shs Out (Dil),411700000.0,395100000.0,313300000.0,234200000.0,206300000.0,200500000.0,198800000.0,197100000.0,197100000.0,197100000.0
Dividend per Share,0.0267184843333,0.0379650721336,0.0574529205235,0.0256191289496,0.0,0.0,0.0,0.0,0.0,0.0
Gross Margin,0.485714285714,0.434880239521,-0.379509379509,-0.875529661017,0.293730317778,-0.254617892068,0.120727500784,0.3936,0.3723,0.423
EBITDA Margin,0.594372294372,0.559880239521,-0.0923520923521,-0.701800847458,0.350701402806,-0.28105758783,0.226089683286,0.178,-0.061,0.333
EBIT Margin,0.239826839827,0.0321856287425,-1.05483405483,-1.21822033898,0.0933295161752,-0.633103947845,-0.087801818752,-0.0667,-0.2854,0.0896
Profit Margin,0.065367965368,-0.0119760479042,-0.867243867244,-0.914724576271,0.046951044947,-0.429192321623,-0.0699278770775,-0.078,-0.328,0.036
Free Cash Flow margin,-0.25670995671,-0.489520958084,-0.455988455988,-0.165783898305,-0.210993415402,-0.187613183629,-0.227971150831,-0.094,-0.2033,-0.0687
EBITDA,1373000000.0,748000000.0,-64000000.0,-1325000000.0,1225000000.0,-776000000.0,721000000.0,692000000.0,-241000000.0,1224000000.0
EBIT,554000000.0,43000000.0,-731000000.0,-2300000000.0,326000000.0,-1748000000.0,-280000000.0,-259000000.0,-1123000000.0,330000000.0
Consolidated Income,151000000.0,-16000000.0,-601000000.0,-1727000000.0,164000000.0,-1185000000.0,-223000000.0,-292000000.0,-1283000000.0,140000000.0
Earnings Before Tax Margin,0.136796536797,-0.119011976048,-1.35209235209,-1.35275423729,0.0584025193244,-0.431365447302,-0.0730636563186,-0.0969,-0.3169,0.0625
Net Profit Margin,0.065367965368,-0.0119760479042,-0.867243867244,-0.914724576271,0.046951044947,-0.429192321623,-0.0699278770775,-0.0778,-0.3281,0.0364
