Date,2018-12-31,2018-12,2017-12-31,2017-12,2016-12-31,2016-12,2015-12-31,2015-12,2014-12-31,2014-12,2013-12-31,2012-12-31,2011-12-31,2010-12-31
Revenue,4275900000.0,4276000000.0,2571003000.0,2571000000.0,2562087000.0,2562000000.0,2459164000.0,2459000000.0,2601703000.0,2602000000.0,2370654000.0,2261470000.0,2170991000.0,2056171000.0
Revenue Growth,-0.0000233863423760524,0.663164142554482,0.00000116686114352392,0.00347880458391928,0.0000339578454332553,0.0418174631704108,0.0000666937779585197,-0.0548498425838768,-0.000114142966948501,0.0975874168056578,0.0482801009962546,0.0416763588609994,0.0558416590838019,0.0
Cost of Revenue,2147800000.0,2454000000.0,1309739000.0,1123000000.0,1254428000.0,1089000000.0,1239964000.0,1120000000.0,1332729000.0,1292000000.0,1190177000.0,840467000.0,897717000.0,838643000.0
Gross Profit,2128100000.0,1822000000.0,1261264000.0,1448000000.0,1307659000.0,1474000000.0,1219200000.0,1339000000.0,1268974000.0,1310000000.0,1180477000.0,1421003000.0,1273274000.0,1217528000.0
R&D Expenses,0.0,,0.0,,0.0,,0.0,,0.0,,0.0,0.0,0.0,0.0
SG&A Expense,0.0,,249567000.0,,261451000.0,,250278000.0,,250439000.0,,224133000.0,226012000.0,184695000.0,207607000.0
Operating Expenses,1194500000.0,888000000.0,602545000.0,789000000.0,625776000.0,792000000.0,598203000.0,718000000.0,636016000.0,677000000.0,601292000.0,858870000.0,760845000.0,744671000.0
Operating Income,933600000.0,934000000.0,658719000.0,659000000.0,681883000.0,682000000.0,620997000.0,621000000.0,632958000.0,633000000.0,579185000.0,562133000.0,512429000.0,472857000.0
Interest Expense,279600000.0,280000000.0,171001000.0,171000000.0,161726000.0,162000000.0,176802000.0,177000000.0,183118000.0,183000000.0,182167000.0,176337000.0,172460000.0,174941000.0
Earnings before Tax,599600000.0,,487707000.0,,545740000.0,,453796000.0,,473595000.0,,424584000.0,408598000.0,339524000.0,293656000.0
Income Tax Expense,59000000.0,59000000.0,151155000.0,151000000.0,184540000.0,185000000.0,152000000.0,152000000.0,151270000.0,151000000.0,123721000.0,126136000.0,103344000.0,85032000.0
Net Income - Non-Controlling int,0.0,,0.0,,0.0,,0.0,,0.0,,0.0,0.0,0.0,0.0
Net Income - Discontinued ops,0.0,,0.0,,0.0,,0.0,,0.0,,0.0,0.0,0.0,0.0
Net Income,535800000.0,536000000.0,323920000.0,324000000.0,346577000.0,347000000.0,291929000.0,292000000.0,313259000.0,313000000.0,292520000.0,275146000.0,230239000.0,203896000.0
Preferred Dividends,0.0,,0.0,,0.0,,0.0,,0.0,,0.0,1616000.0,970000.0,970000.0
Net Income Com,535800000.0,536000000.0,323920000.0,324000000.0,346577000.0,347000000.0,291929000.0,292000000.0,313259000.0,313000000.0,292520000.0,275146000.0,230239000.0,203896000.0
EPS,2.5,2.50,2.27,2.27,2.43,2.43,2.11,2.11,2.4,2.40,2.29,2.15,1.95,1.81
EPS Diluted,2.5,2.50,2.27,2.27,2.43,2.43,2.09,2.09,2.35,2.35,2.27,2.15,1.93,1.8
Weighted Average Shs Out,213900000.0,214000000.0,142463831.0,142000000.0,142067558.0,142000000.0,137957515.0,138000000.0,130014941.0,130000000.0,127462994.0,126711869.0,116890552.0,111629292.0
Weighted Average Shs Out (Dil),214100000.0,214000000.0,142560194.0,143000000.0,142474681.0,142000000.0,139278223.0,139000000.0,132824525.0,133000000.0,128298694.0,126898786.0,118290222.0,111629292.0
Dividend per Share,2.21858944418,,1.56507222486,,1.43421974042,,1.33631802583,,1.29122991405,,1.26972453827,1.24652098721,1.16859193992,1.1569185622
Gross Margin,0.497696391403,0.42609915809167,0.490572745345,0.56320497860755,0.510388210861,0.57533177205308,0.495778240085,0.54453029686865,0.487747448498,0.50345887778632,0.497954151049,0.628353681455,0.586494370543,0.592133630909
EBITDA Margin,0.384784489815,0.36061739943873,0.421327396351,0.41345779852198,0.415738419499,0.41881342701015,0.397863664237,0.39365595770638,0.371161888963,0.37240584166026,0.375262269399,0.391673557465,0.389016813059,0.381796066572
EBIT Margin,0.218339998597,0.20463049579046,0.256210902904,0.25126409957215,0.266143577482,0.27088212334114,0.252523621849,0.25254168361122,0.243286032264,0.24865488086088,0.244314438126,0.248569735614,0.236034603552,0.229969686373
Profit Margin,0.125306952922,0.12535079513564,0.125989740191,0.12602100350058,0.13527136276,0.13544106167057,0.118710667528,0.11874745831639,0.120405365255,0.12029208301307,0.123392110363,0.121666880392,0.106052489393,0.0991629587228
Free Cash Flow margin,0.100119273135,,0.0574845692518,,-0.103255666182,,0.00582108391307,,-0.0106457193615,,-0.0326049267417,-0.093347689777,-0.108132645414,0.0328892879046
EBITDA,1645300000.0,1542000000.0,1083234000.0,1063000000.0,1065158000.0,1073000000.0,978412000.0,968000000.0,965653000.0,969000000.0,889617000.0,885758000.0,844552000.0,785038000.0
EBIT,933600000.0,875000000,658719000.0,646000000,681883000.0,694000000,620997000.0,621000000,632958000.0,647000000,579185000.0,562133000.0,512429000.0,472857000.0
Consolidated Income,535800000.0,536000000.0,323920000.0,324000000.0,346577000.0,347000000.0,291929000.0,292000000.0,313259000.0,313000000.0,292520000.0,275146000.0,230239000.0,203896000.0
Earnings Before Tax Margin,0.140227788302,0,0.189695227894,0,0.213006037656,0,0.184532629788,0,0.182032691664,0,0.179099944572,0.18067805454,0.156391251737,0.142816915519
Net Profit Margin,0.125306952922,0.12535079513564,0.125989740191,0.12602100350058,0.13527136276,0.13544106167057,0.118710667528,0.11874745831639,0.120405365255,0.12029208301307,0.123392110363,0.121666880392,0.106052489393,0.0991629587228
