Date,2019-03-31,2018-03-31,2017-03-31,2016-03-31,2015-03-31,2014-03-31,2013-03-31,2012-03-31,2011-03-31,2010-03-31
Revenue,544542925.0,502668332.0,490821420.0,557475707.0,610212876.0,599263399.0,563636086.0,540161682.0,491445103.0,440636140.0
Revenue Growth,0.0833,0.0241,-0.1196,-0.0864,0.0183,0.0632,0.0435,0.0991,0.1153,0.1236
Cost of Revenue,0.0,0.0,0.0,0.0,0.0,0.0,0.0,0.0,0.0,0.0
Gross Profit,544542925.0,502668332.0,490821420.0,557475707.0,610212876.0,599263399.0,563636086.0,540161682.0,491445103.0,440636140.0
R&D Expenses,0.0,0.0,0.0,0.0,0.0,0.0,0.0,0.0,0.0,0.0
SG&A Expense,288303715.0,269107669.0,244273626.0,269139675.0,292051519.0,281248432.0,265628767.0,260684157.0,237514934.0,217012007.0
Operating Expenses,288303715.0,269107669.0,244273626.0,269139675.0,292051519.0,281248432.0,265628767.0,260684157.0,237514934.0,217012007.0
Operating Income,256239210.0,233560663.0,246547794.0,288336032.0,318161357.0,318014967.0,298007319.0,279477525.0,253930169.0,223624133.0
Interest Expense,17934060.0,19089635.0,21504208.0,26849250.0,23301156.0,21195370.0,17393963.0,13898648.0,14772694.0,13881224.0
Earnings before Tax,53216191.0,101447826.0,111757786.0,137888464.0,176030338.0,170244205.0,166290831.0,159873341.0,143249112.0,119443975.0
Income Tax Expense,15981057.0,47757808.0,38157492.0,50492907.0,65196880.0,63636273.0,62201083.0,59178898.0,51999932.0,45782667.0
Net Income - Non-Controlling int,0.0,0.0,0.0,0.0,0.0,0.0,0.0,0.0,0.0,0.0
Net Income - Discontinued ops,36662381.0,-4596938.0,-5809912.0,0.0,0.0,0.0,0.0,0.0,0.0,0.0
Net Income,37235134.0,53690018.0,73600294.0,87395557.0,110833458.0,106607932.0,104089748.0,100694443.0,91249180.0,73661308.0
Preferred Dividends,0.0,0.0,0.0,0.0,0.0,0.0,0.0,0.0,0.0,0.0
Net Income Com,37235134.0,53690018.0,73600294.0,87395557.0,110833458.0,106607932.0,104089748.0,100694443.0,91249180.0,73661308.0
EPS,4.14,6.11,8.45,10.12,12.12,9.8,8.18,6.75,5.76,4.52
EPS Diluted,4.05,5.99,8.38,10.05,11.9,9.6,8.0,6.59,5.63,4.45
Weighted Average Shs Out,9622849.0,9081230.0,8783197.0,8923440.0,9531472.0,10935444.0,12339238.0,14867925.0,15837140.0,16412386.0
Weighted Average Shs Out (Dil),9622849.0,8791168.0,8705658.0,8636269.0,9146003.0,10876557.0,12728360.0,14906662.0,15833983.0,16304207.0
Dividend per Share,0.0,0.0,0.0,0.0,0.0,0.0,0.0,0.0,0.0,0.0
Gross Margin,1.0,1.0,1.0,1.0,1.0,1.0,1.0,1.0,1.0,1.0
EBITDA Margin,0.146,0.256,0.287,0.308,0.339,0.332,0.34,0.337,0.338,0.321
EBIT Margin,0.1307,0.2398,0.2715,0.2955,0.3267,0.3195,0.3259,0.3217,0.3215,0.3026
Profit Margin,0.068,0.107,0.15,0.157,0.182,0.178,0.185,0.186,0.186,0.167
Free Cash Flow margin,0.4322,0.4161,0.4347,0.3557,0.383,0.3981,0.3995,0.3935,0.3936,0.4048
EBITDA,79286255.0,128867517.0,140670355.0,171770022.0,206593203.0,198779450.0,191492559.0,181964047.0,166143997.0,141334248.0
EBIT,71150251.0,120537461.0,133261994.0,164737714.0,199331494.0,191439575.0,183684794.0,173771989.0,158021806.0,133325199.0
Consolidated Income,37235134.0,53690018.0,73600294.0,87395557.0,110833458.0,106607932.0,104089748.0,100694443.0,91249180.0,73661308.0
Earnings Before Tax Margin,0.0977,0.2018,0.2277,0.2473,0.2885,0.2841,0.295,0.296,0.2915,0.2711
Net Profit Margin,0.0684,0.1068,0.15,0.1568,0.1816,0.1779,0.1847,0.1864,0.1857,0.1672
