Date,2018-12-31,2017-12-31,2016-12-31,2015-12-31,2014-12-31,2013-12-31,2012-12-31,2011-12-31,2010-12-31,2009-12-31
Revenue,1564900000.0,1456700000.0,1398400000.0,1467700000.0,1513700000.0,1473500000.0,1445600000.0,1436600000.0,1274600000.0,1225900000.0
Revenue Growth,0.0742774764879522,0.0416905034324943,-0.0472167336649179,-0.0303891127700337,0.027281981676281,0.0192999446596569,0.00626479186969233,0.127098697630629,0.0397259156538054,-0.1436
Cost of Revenue,908400000.0,854300000.0,832800000.0,914600000.0,971900000.0,947000000.0,928100000.0,921100000.0,809700000.0,790800000.0
Gross Profit,656500000.0,602400000.0,565600000.0,553100000.0,541800000.0,526500000.0,517500000.0,515500000.0,464900000.0,435100000.0
R&D Expenses,34500000.0,29000000.0,26500000.0,23500000.0,22500000.0,21500000.0,20700000.0,21200000.0,0.0,0.0
SG&A Expense,464700000.0,432300000.0,424100000.0,491300000.0,407000000.0,405700000.0,384800000.0,379900000.0,336700000.0,323500000.0
Operating Expenses,499200000.0,461300000.0,450600000.0,514800000.0,429500000.0,427200000.0,405500000.0,401100000.0,336700000.0,344000000.0
Operating Income,188400000.0,162300000.0,145000000.0,-90100000.0,105400000.0,111500000.0,123400000.0,117100000.0,114200000.0,91100000.0
Interest Expense,16300000.0,19100000.0,22600000.0,24300000.0,19900000.0,21500000.0,24600000.0,25800000.0,22800000.0,22000000.0
Earnings before Tax,103200000.0,143100000.0,127800000.0,-111000000.0,83100000.0,21600000.0,100300000.0,91500000.0,94500000.0,48700000.0
Income Tax Expense,46600000.0,70000000.0,43600000.0,1900000.0,32800000.0,26900000.0,29700000.0,26800000.0,31400000.0,31300000.0
Net Income - Non-Controlling int,0.0,0.0,0.0,0.0,0.0,0.0,0.0,0.0,0.0,0.0
Net Income - Discontinued ops,0.0,0.0,0.0,0.0,0.0,0.0,0.0,0.0,0.0,23600000.0
Net Income,128000000.0,73100000.0,84200000.0,-112900000.0,50300000.0,58600000.0,68400000.0,66400000.0,58800000.0,17400000.0
Preferred Dividends,0.0,0.0,0.0,0.0,0.0,0.0,0.0,0.0,0.0,0.0
Net Income Com,128000000.0,73100000.0,84200000.0,-112900000.0,50300000.0,58600000.0,68400000.0,66400000.0,58800000.0,17400000.0
EPS,3.73,2.12,2.45,-3.24,1.42,1.65,1.9,1.78,1.58,0.47
EPS Diluted,3.73,2.12,2.44,-3.24,1.42,1.65,1.9,1.78,1.57,
Weighted Average Shs Out,34300000.0,34400000.0,34400000.0,34900000.0,35300000.0,35500000.0,36000000.0,37300000.0,37300000.0,36683645.0
Weighted Average Shs Out (Dil),34300000.0,34400000.0,34500000.0,34900000.0,35400000.0,35600000.0,36100000.0,37500000.0,37400000.0,37000000.0
Dividend per Share,0.0,0.0,0.0,0.0,0.0,0.0,0.0,0.0,0.0,0.44
Gross Margin,0.419515624002,0.413537447656,0.404462242563,0.376848129727,0.3579308978,0.357312521208,0.357982844494,0.358833356536,0.364741879805,0.3549
EBITDA Margin,0.151383474982,0.147250634997,0.140303203661,-0.0256183143694,0.101407148048,0.108856464201,0.119535141118,0.11729082556,0.124745018045,0.096
EBIT Margin,0.120391079302,0.111416214732,0.10368993135,-0.0613885671459,0.0696307062166,0.0756701730573,0.0853624792474,0.0815119031046,0.089596736231,0.0577
Profit Margin,0.0817943638571,0.0501819180339,0.0602116704805,-0.0769230769231,0.0332298341811,0.0397692568714,0.0473159933592,0.0462202422386,0.0461321198807,0.014
Free Cash Flow margin,0.0853089654291,0.0868401180751,0.07301201373,0.0556653267016,0.073660566823,0.0614862572107,0.0700747094632,0.0734372824725,0.0696689157383,0.1311
EBITDA,236900000.0,214500000.0,196200000.0,-37600000.0,153500000.0,160400000.0,172800000.0,168500000.0,159000000.0,117500000.0
EBIT,188400000.0,162300000.0,145000000.0,-90100000.0,105400000.0,111500000.0,123400000.0,117100000.0,114200000.0,70700000.0
Consolidated Income,128000000.0,73100000.0,84200000.0,-112900000.0,50300000.0,58600000.0,68400000.0,66400000.0,58800000.0,17400000.0
Earnings Before Tax Margin,0.0659467058598,0.0982357383126,0.0913901601831,-0.0756285344416,0.054898592852,0.014658975229,0.0693829551743,0.0636920506752,0.0741409069512,0.0397
Net Profit Margin,0.0817943638571,0.0501819180339,0.0602116704805,-0.0769230769231,0.0332298341811,0.0397692568714,0.0473159933592,0.0462202422386,0.0461321198807,0.0142
