date,,2019-12-31_FY,2018-12-31_FY,2017-12-31_FY,2016-12-31_FY,2015-12-31_FY,2014-12-31_FY,2013-12-31_FY,2012-12-31_FY,2011-12-31_FY,2010-12-31_FY,2009-12-31_FY,2008-12-31_FY,2007-12-31_FY,2006-12-31_FY,2005-12-31_FY,2004-12-31_FY,2003-12-31_FY,2002-12-31_FY
,revenue,2482632812.0,2217551285.0,1976907231.0,1561624693.0,1164323998.0,919747673.0,897738056.0,914798552.0,687508196.0,449971845.0,448984494.0,356631957.0,309725261.0,142367221.0,61942050.0,35632510.0,16746000.0,12807000.0
,costOfRevenue,1922323191.0,1602072983.0,1517279018.0,1203636380.0,891333892.0,677582117.0,598740190.0,634763270.0,487776799.0,334452556.0,359739280.0,356980850.0,208134750.0,108195727.0,42632329.0,0.0,11978000.0,11875000.0
,grossProfit,560309621.0,615478302.0,459628213.0,357988313.0,272990106.0,242165556.0,298997866.0,280035282.0,199731397.0,115519289.0,89245214.0,-348893.0,101590511.0,34171494.0,19309721.0,0.0,4768000.0,932000.0
,grossProfitRatio,0.225691700476889,0.277548621383969,0.232498625020205,0.229240940287821,0.234462320169407,0.263295644130431,0.333056913429991,0.306116883753004,0.290514932275804,0.256725593575749,0.198771260906841,-0.0009782998779327,0.328002019183059,0.240023607681434,0.311738487828543,0.0,0.284724710378598,0.0727727024283595
,,,,,,,,,,,,,,,,,,,,,,,,,,,,,,,,,,,,,,,,,,,,,,,,,,,,,,,,,,,,,,,,,,,,,,,,,,,,,,,,,,,,,,,,,,,,,,,,,,,,,
COST And EXPENSES,,,,,,,,,,,,,,,,,,,,,,,,,,,,,,,,,,,,,,,,,,,,,,,,,,,,,,,,,,,,,,,,,,,,,,,,,,,,,,,,,,,,,,,,,,,,,,,,,,,,,
,ResearchAndDevelopmentExpenses,0.0,0.0,0.0,0.0,0.0,0.0,0.0,0.0,0.0,0.0,0.0,0.0,0.0,0.0,0.0,0.0,0.0,0.0
,GeneralAndAdministrativeExpenses,163686999.0,156456170.0,136844741.0,120415631.0,115329011.0,105622486.0,64498306.0,38829308.0,27230865.0,22208545.0,22214511.0,32343349.0,27591503.0,0.0,0.0,0.0,939000.0,0.0
,SellingAndMarketingExpenses,86760620.0,83591651.0,75723717.0,58213716.0,52126074.0,39493575.0,20724181.0,17942114.0,16208559.0,10724040.0,11443008.0,13578240.0,0.0,0.0,0.0,0.0,1319000.0,493000.0
,otherExpenses,5848727.0,1741732.0,2326010.0,4540227.0,5945120.0,3212606.0,1538968.0,0.0,0.0,0.0,0.0,0.0,0.0,0.0,0.0,0.0,0.0,0.0
,operatingExpenses,250447619.0,240047821.0,212568458.0,178629347.0,167455085.0,145116061.0,85222487.0,56771422.0,43439424.0,32932585.0,33657519.0,45921589.0,27591503.0,0.0,0.0,0.0,0.0,0.0
,costAndExpenses,2172770810.0,1842120804.0,1729847476.0,1382265727.0,1058788977.0,822698178.0,683962677.0,691534692.0,531216223.0,367385141.0,393396799.0,402902439.0,235726253.0,114817753.0,46502872.0,0.0,14236000.0,12906000.0
,interestExpense,105643257.0,90621362.0,61768639.0,20484875.0,13726649.0,24456072.0,16221967.0,0.0,0.0,0.0,0.0,0.0,3204011.0,727041.0,834469.0,0.0,0.0,0.0
,,,,,,,,,,,,,,,,,,,,,,,,,,,,,,,,,,,,,,,,,,,,,,,,,,,,,,,,,,,,,,,,,,,,,,,,,,,,,,,,,,,,,,,,,,,,,,,,,,,,,
EBITDA,,,,,,,,,,,,,,,,,,,,,,,,,,,,,,,,,,,,,,,,,,,,,,,,,,,,,,,,,,,,,,,,,,,,,,,,,,,,,,,,,,,,,,,,,,,,,,,,,,,,,
,depreciationAndAmortization,17584443.0,15132875.0,13727526.0,8688384.0,8751664.0,6998122.0,3137122.0,2513268.0,2500832.0,2737723.0,2173278.0,2394951.0,1825978.0,734421.0,546832.0,0.0,0.0,0.0
,EBITDA,327446445.0,390563356.0,260787281.0,188047350.0,114286685.0,104047617.0,216912501.0,225777128.0,158792805.0,85324427.0,57760973.0,-43875531.0,75824986.0,28283889.0,15986010.0,35632510.0,2510000.0,-99000.0
,EBITDARatio,0.131894834957978,0.176123708453489,0.13191680262512,0.120417761606181,0.0981571153702185,0.113126262837525,0.241621149454758,0.246805296648524,0.230968599245615,0.189621701775586,0.128648035225911,-0.123027480120072,0.244813696355235,0.198668547446044,0.258080092602683,1.0,0.14988654006927,-0.00773014757554462
,,,,,,,,,,,,,,,,,,,,,,,,,,,,,,,,,,,,,,,,,,,,,,,,,,,,,,,,,,,,,,,,,,,,,,,,,,,,,,,,,,,,,,,,,,,,,,,,,,,,,
INCOME,,,,,,,,,,,,,,,,,,,,,,,,,,,,,,,,,,,,,,,,,,,,,,,,,,,,,,,,,,,,,,,,,,,,,,,,,,,,,,,,,,,,,,,,,,,,,,,,,,,,,
,operatingIncome,309862002.0,375430481.0,247059755.0,179358966.0,105535021.0,97049495.0,213775379.0,223263860.0,156291973.0,82586704.0,55587695.0,-46270482.0,73999008.0,27549468.0,15439178.0,35632510.0,2510000.0,-99000.0
,operatingIncomeRatio,0.124811853167435,0.169299570900341,0.124972862219249,0.11485407909082,0.0906405959005236,0.105517521651832,0.238126675783922,0.244057950804452,0.227331068792088,0.183537492217985,0.123807605257744,-0.129742949536068,0.238918219847751,0.18851021893586,0.238863728275057,0.0,0.0,0.0
,totalOtherIncomeExpensesNet,-14073063.0,-57011212.0,-4536870.0,-4708146.0,9235562.0,-4372067.0,1421780.0,0.0,56725.0,3650768.0,4268139.0,29868247.0,3167075.0,-446086.0,0.0,0.0,0.0,0.0
,incomeBeforeTax,233507174.0,250399267.0,193228531.0,165710555.0,118992903.0,79053983.0,210016114.0,232282486.0,161642618.0,88455628.0,62243819.0,-12910443.0,75378649.0,26837676.0,14795709.0,0.0,0.0,0.0
,incomeBeforeTaxRatio,0.0940562667468684,0.112917012875308,0.0977428419351054,0.106114200001319,0.102199132891187,0.0859518162651551,0.233939190386733,0.253916543147305,0.235113732375054,0.19658036160018,0.138632446847931,-0.0362010267072056,0.243372622422296,0.18851021893586,0.238863728275057,0.0,0.0,0.0
,incomeTaxExpense,150478372.0,144447247.0,113117126.0,86247875.0,52511318.0,30557618.0,83659850.0,74174627.0,58637489.0,37333374.0,19824791.0,10729508.0,29715493.0,10717338.0,5247809.0,0.0,0.0,0.0
,netIncome,68344527.0,73034549.0,63627551.0,72977548.0,66482107.0,48515730.0,126356264.0,156997595.0,102297870.0,51140211.0,42419028.0,-23639951.0,45663156.0,16122910.0,9562791.0,3943002.0,1067000.0,-471000.0
,netIncomeRatio,0.02752905168644,0.0329347733664703,0.03218540050957,0.0467318097153065,0.0570993186726363,0.0527489565064657,0.14074959076927,0.171619855165665,0.148795127963827,0.113652024161645,0.0944777126312073,-0.0662866872583715,0.147431164808995,0.113248751269788,0.154382862691822,0.110657430531837,0.0637167084676938,-0.0367767627078941
,,,,,,,,,,,,,,,,,,,,,,,,,,,,,,,,,,,,,,,,,,,,,,,,,,,,,,,,,,,,,,,,,,,,,,,,,,,,,,,,,,,,,,,,,,,,,,,,,,,,,
EPS,,,,,,,,,,,,,,,,,,,,,,,,,,,,,,,,,,,,,,,,,,,,,,,,,,,,,,,,,,,,,,,,,,,,,,,,,,,,,,,,,,,,,,,,,,,,,,,,,,,,,
,EPS,1.204,1.16,0.96,1.1,0.93,0.6386337668492,1.66,2.18,1.36,0.68,0.56,-0.32,-2.56,0.42,0.16,0.07,0.04,-0.02
,EPSDiluted,1.198,1.15,0.94,1.06,0.91,0.636038307244553,1.63,2.17,1.36,0.66,0.52,-0.32,-2.56,0.42,0.16,0.07,0.0,-0.02
,weightedAverageShsOut,56741000.0,63564000.0,64352000.0,66631000.0,71313000.0,75968000.0,72867000.0,72129000.0,75657500.0,76289000.0,75626500.0,74574654.0,54345134.0,36347234.0,60000000.0,60000000.0,30000000.0,23550000.0
,weightedAverageShsOutDil,57050000.0,64590000.0,65820000.0,68827000.0,73244000.0,76278000.0,74732000.0,72366000.0,75657500.0,77698500.0,80435500.0,74574654.0,54345134.0,36347234.0,60000000.0,60000000.0,30000000.0,23550000.0
