Date,2018-12-31,2017-12-31,2016-12-31,2015-12-31,2014-12-31,2013-12-31,2012-12-31,2011-12-31,2010-12-31,2009-12-31
Revenue,5299000.0,52690000.0,5564000.0,55447000.0,18866000.0,35451000.0,33782000.0,58196000.0,33641000.0,98430000.0
Revenue Growth,-0.899430631998482,8.46980589503954,-0.89965191985139,1.93899077705926,-0.467828834165468,0.0494050085844533,-0.4195133686164,0.72991290389703,-0.658224118663009,0.4478
Cost of Revenue,0.0,0.0,0.0,0.0,0.0,0.0,143000.0,0.0,0.0,0.0
Gross Profit,0.0,0.0,0.0,0.0,0.0,0.0,33639000.0,0.0,33641000.0,98430000.0
R&D Expenses,1682000.0,7875000.0,44234000.0,70852000.0,80748000.0,74851000.0,68231000.0,68137000.0,77413000.0,58131000.0
SG&A Expense,18563000.0,24337000.0,18322000.0,20620000.0,19866000.0,18477000.0,16782000.0,24014000.0,23250000.0,23736000.0
Operating Expenses,22156000.0,35659000.0,67122000.0,95171000.0,100698000.0,93656000.0,90230000.0,92151000.0,100745000.0,85470000.0
Operating Income,-16857000.0,17031000.0,-61558000.0,-39724000.0,-81832000.0,-58205000.0,-56448000.0,-33955000.0,-67104000.0,12960000.0
Interest Expense,0.0,0.0,0.0,0.0,4303000.0,4631000.0,4387000.0,2462000.0,385000.0,4888000.0
Earnings before Tax,-13441000.0,16258000.0,0.0,-20606000.0,-38301000.0,-124072000.0,-70963000.0,-32728000.0,-68729000.0,6277000.0
Income Tax Expense,-98000.0,1662000.0,0.0,0.0,0.0,-14000.0,-74000.0,15000.0,27000.0,5727000.0
Net Income - Non-Controlling int,0.0,0.0,0.0,0.0,0.0,0.0,0.0,0.0,0.0,0.0
Net Income - Discontinued ops,0.0,0.0,0.0,0.0,0.0,0.0,0.0,0.0,0.0,0.0
Net Income,-13343000.0,14596000.0,-53530000.0,-20606000.0,-38301000.0,-124058000.0,-70889000.0,-32743000.0,-68756000.0,550000.0
Preferred Dividends,0.0,0.0,0.0,0.0,0.0,0.0,0.0,0.0,0.0,0.0
Net Income Com,-13343000.0,14596000.0,-53530000.0,-20606000.0,-38301000.0,-124058000.0,-70889000.0,-32743000.0,-68756000.0,550000.0
EPS,-1.59,0.75,-8.89,-0.17,-0.36,-1.43,-1.1,-1.04,-73.8,1.0
EPS Diluted,-1.59,0.73,-8.89,-0.17,-0.67,-1.43,-1.1,-1.04,-73.8,1.0
Weighted Average Shs Out,8373000.0,7619000.0,6021000.0,117803000.0,107435000.0,86938000.0,64629000.0,31590.0,1089929.0,663125.0
Weighted Average Shs Out (Dil),8373000.0,7980000.0,6021000.0,117803000.0,115333000.0,86938000.0,64629000.0,31590.0,930650.0,549650.0
Dividend per Share,0.0,0.0,0.0,0.0,0.0,0.0,0.0,0.0,0.0,0.0
Gross Margin,0.0,0.0,0.0,0.0,0.0,0.0,0.995766976496,0.0,1.0,1.0
EBITDA Margin,-3.14889601812,0.337426456633,-10.6646297628,-0.663318123614,-4.09567475883,-1.49953456884,-1.49091232017,-0.468039040484,-1.862,0.183
EBIT Margin,-3.18116625778,0.323230214462,-11.0636232926,-0.716431907948,-4.33753842892,-1.64184367155,-1.67094902611,-0.583459344285,-2.0316,0.1134
Profit Margin,-2.51802226835,0.277016511672,-9.62077641984,-0.371634173174,-2.03016007633,-3.49942173705,-2.09842519685,-0.562633170665,-2.044,0.006
Free Cash Flow margin,-2.38724287601,0.0508255836022,-6.06542056075,-0.564899814237,-4.16659599279,-1.32814307072,-1.28097803564,-0.556155062204,-1.5718,0.0728
EBITDA,-16686000.0,17779000.0,-59338000.0,-36779000.0,-77269000.0,-53160000.0,-50366000.0,-27238000.0,-62623000.0,17996000.0
EBIT,-16857000.0,17031000.0,-61558000.0,-39724000.0,-81832000.0,-58205000.0,-56448000.0,-33955000.0,-68344000.0,11165000.0
Consolidated Income,-13343000.0,14596000.0,-53530000.0,-20606000.0,-38301000.0,-124058000.0,-70889000.0,-32743000.0,-68756000.0,550000.0
Earnings Before Tax Margin,-2.53651632383,0.308559498956,0.0,-0.371634173174,-2.03016007633,-3.49981664833,-2.10061571251,-0.562375420991,-2.043,0.0638
Net Profit Margin,-2.51802226835,0.277016511672,-9.62077641984,-0.371634173174,-2.03016007633,-3.49942173705,-2.09842519685,-0.562633170665,-2.0438,0.0056
