Date,2018-12-31,2017-12-31,2016-12-31,2015-12-31,2014-12-31,2013-12-31,2012-12-31,2011-12-31,2010-12-31,2009-12-31
Revenue,5092000000.0,4891000000.0,4697500000.0,4832400000.0,5068800000.0,4865400000.0,4850500000.0,4868844000.0,4334600000.0,4871025000.0
Revenue Growth,0.0410958904109589,0.0411921234699308,-0.0279157354523632,-0.0466382575757576,0.0418054014058454,0.00307184826306566,-0.00376762944140334,0.123251049693167,-0.110125692231101,-0.4144
Cost of Revenue,0.0,0.0,0.0,0.0,0.0,0.0,0.0,0.0,4072600000.0,5177588000.0
Gross Profit,0.0,0.0,0.0,0.0,0.0,0.0,0.0,0.0,262000000.0,-306563000.0
R&D Expenses,0.0,0.0,0.0,0.0,0.0,0.0,0.0,0.0,0.0,0.0
SG&A Expense,2950000000.0,2904800000.0,2823100000.0,2868200000.0,2901200000.0,2797300000.0,2782700000.0,2798192000.0,0.0,0.0
Operating Expenses,4949100000.0,4792600000.0,4573200000.0,4739400000.0,5023300000.0,4837000000.0,4826400000.0,5007081000.0,489900000.0,575457000.0
Operating Income,142900000.0,98400000.0,124300000.0,93000000.0,45500000.0,28400000.0,24100000.0,-138237000.0,-227900000.0,-882020000.0
Interest Expense,105800000.0,102800000.0,103400000.0,107600000.0,150000000.0,163900000.0,150800000.0,156106000.0,159200000.0,161570000.0
Earnings before Tax,31300000.0,-18100000.0,24600000.0,-4400000.0,-83800000.0,-129500000.0,-151500000.0,-361869000.0,-422000000.0,-876347000.0
Income Tax Expense,11100000.0,-7300000.0,3100000.0,-5100000.0,-16100000.0,-45900000.0,-15000000.0,-7452000.0,-96200000.0,-256876000.0
Net Income - Non-Controlling int,0.0,0.0,0.0,0.0,0.0,0.0,0.0,0.0,-2000000.0,0.0
Net Income - Discontinued ops,0.0,0.0,0.0,0.0,0.0,0.0,0.0,0.0,23100000.0,-12235000.0
Net Income,20200000.0,-10800000.0,21500000.0,700000.0,-67700000.0,-83600000.0,-140400000.0,-351263000.0,-325800000.0,-619471000.0
Preferred Dividends,0.0,0.0,0.0,0.0,0.0,0.0,0.0,0.0,0.0,0.0
Net Income Com,20200000.0,-10800000.0,21500000.0,700000.0,-67700000.0,-83600000.0,-140400000.0,-351263000.0,-325800000.0,-619471000.0
EPS,0.61,-0.33,0.66,0.02,-3.0,-8.96,-19.2,-196.12,-2468.17,-77979.8
EPS Diluted,0.6,-0.33,0.65,0.02,-3.0,-8.96,-19.2,-196.12,-2468.17,-77979.8
Weighted Average Shs Out,32983000.0,32685000.0,32416000.0,31736000.0,28592000.0,9332000.0,7311000.0,2087000.0,158489.0,8024.0
Weighted Average Shs Out (Dil),33859000.0,32685000.0,33040000.0,32592000.0,28592000.0,9332000.0,7311000.0,2087000.0,132000.0,8000.0
Dividend per Share,0.0,0.0,0.0,0.0,0.0,0.0,0.0,0.0,0.0,0.0
Gross Margin,0.0,0.0,0.0,0.0,0.0,0.0,0.0,0.0,0.0604,-0.0629
EBITDA Margin,0.0570699135899,0.0503169086076,0.062309739223,0.0548588692989,0.0483546401515,0.0428741727299,0.0440160808164,0.0166754161768,-0.013,-0.093
EBIT Margin,0.0280636292223,0.0201185851564,0.0264608834486,0.0192450956047,0.00897648358586,0.00583713569285,0.00496855994227,-0.0283921604389,-0.0606,-0.1467
Profit Margin,0.00396700706991,-0.00220813739522,0.00457690260777,0.000144855558315,-0.0133562184343,-0.0171825543635,-0.0289454695392,-0.0721450512688,-0.075,-0.127
Free Cash Flow margin,0.0155930871956,-0.00870987528113,0.000532197977648,0.0067875175896,-0.00802951388889,-0.0112632054918,-0.019028966086,-0.0200450045226,0.0155,-0.058
EBITDA,290600000.0,246100000.0,292700000.0,265100000.0,245100000.0,208600000.0,213500000.0,81190000.0,-56900000.0,-455386000.0
EBIT,142900000.0,98400000.0,124300000.0,93000000.0,45500000.0,28400000.0,24100000.0,-138237000.0,-262800000.0,-714777000.0
Consolidated Income,20200000.0,-10800000.0,21500000.0,700000.0,-67700000.0,-83600000.0,-140400000.0,-351263000.0,-327800000.0,-619471000.0
Earnings Before Tax Margin,0.00614689709348,-0.00370067470865,0.00523682810005,-0.000910520652264,-0.0165325126263,-0.0266165166276,-0.0312338934131,-0.0743233917538,-0.0974,-0.1799
Net Profit Margin,0.00396700706991,-0.00220813739522,0.00457690260777,0.000144855558315,-0.0133562184343,-0.0171825543635,-0.0289454695392,-0.0721450512688,-0.0752,-0.1272
